2159 3725
46 119 69 158 Γ
1677 115 1682 120 .

558 153 626 229 L
676 171 707 229 1
763 176 810 230 Β
863 175 912 228 1
963 176 1017 229 R
1109 150 1205 229 V.
1493 164 1654 252 477·

109 267 330 316 norum
354 265 426 315 ut
449 250 523 318 ab
551 272 620 315 ea
647 251 743 315 via
761 300 781 329 ‚
849 272 932 314 uae
958 248 1188 313 ferebat
1213 249 1607 334 Verruginem
1625 297 1647 327 ‚
1671 255 1908 309 mmm

117 330 504 397 excluderent
527 380 543 406 ,
587 331 756 395 fuere
779 354 820 393 o
864 329 966 396 vii.
990 329 1375 416 praeliumque
1401 348 1535 402 ante
1558 331 1653 394 lu·
1674 315 1779 363 “c·
1797 324 1910 365 ³⁹¹·

118 433 249 480 cem
292 412 436 491 (sed
467 413 605 476 luna
644 433 869 497 pernox
907 418 1073 485 erat)
1117 408 1488 480 commissum
1523 411 1651 475 est:

117 495 179 556 δε
218 493 254 535 ⁶
295 491 456 558 haud
498 493 783 557 incertius
821 491 1036 556 diurno
1069 489 1333 576 praelium
1373 488 1513 554 fuit.
1552 490 1655 555 sed

118 572 345 654 clamor
372 573 765 658 Verruginem
789 572 1048 656 perlatus
1068 614 1089 645 ,
1116 592 1304 654 quum
1328 569 1509 634 castra
1536 575 1658 634 Ro-

119 651 293 717 mana
325 654 635 718 crederent
673 652 1002 739 oppugnari
1020 698 1042 728 ,
1067 669 1301 715 tantum
1323 650 1529 730 injecit
1556 674 1659 735 pa·-

118 734 286 814 yoris
304 780 323 811 ,
352 753 421 799 ut
441 783 462 813 ,
488 736 894 821 nequicquam
935 732 1228 795 retinente
1268 748 1449 814 atque
1486 731 1659 795 obse-

120 831 327 877 crante
353 814 593 878 AEmilio
612 864 633 893 ,
658 814 984 878 Tusculum
1008 809 1185 898 palati
1212 808 1514 894 fugerent.
1550 818 1660 874 In-

121 893 201 976 de
231 892 386 959 fama
413 895 902 979 Romaim'perlata
925 892 1006 956 est
1028 941 1048 970 ‚
1085 890 1457 958 Postumium
1488 911 1660 955 exer·-

44 1045 47 1048 ,
124 974 439 1059 citumque
476 978 759 1040 occisum.
876 975 978 1048 ui,
1004 985 1032 1026 7
1059 969 1166 1035 ubi
1190 973 1375 1065 prima
1406 971 1510 1035 lux
1540 993 1661 1035 me-

124 1070 267 1136 tum
317 1056 655 1120 insidiarum,
700 1054 893 1140 ,effuse
948 1053 1330 1139 sequentibus
1377 1051 1606 1116 sustulit
1638 1098 1662 1129 ,

125 1156 321 1219 quum
365 1133 779 1222 perequitaffet
822 1136 1010 1200 aciem
1047 1132 1318 1217 promiffa
1352 1145 1665 1216 repetens»,

123 1218 363 1278 tantum
399 1217 608 1299 injecit
642 1216 904 1292 ardoriS,
932 1233 1003 1277 ut
1034 1234 1155 1275 non
1190 1212 1356 1275 ultri—
1383 1212 1667 1276 sustinue-

126 1296 254 1358 rint
290 1295 581 1382 impetum
621 1296 821 1379 AEqui.
859 1293 1046 1358 caedes
1083 1293 1223 1354 inde
1263 1291 1664 1372 fugientium,

132 1373 330 1462 qualis
360 1377 461 1439 ubi
493 1377 577 1452 ira
612 1399 705 1439 ma
749 1378 797 1438 is
828 1375 1009 1460 quem
1033 1372 1255 1435 virtute
1280 1391 1372 1432 res
1400 1371 1671 1452 geritur,

132 1455 212 1519 ad
286 1451 568 1517 etniciem
604 1455 689 1518 ho
738 1457 862 1517 ium
895 1451 1049 1514 fasta
1076 1449 1557 1550 estztristemque
1594 1449 1671 1511 ab

130 1538 188 1604 T
193 1478 400 1597 ugulo
430 1535 717 1598 nuncium
736 1581 757 1610 ,
786 1533 1189 1617 nequicquam
1214 1530 1496 1592 exterrita
1521 1528 1673 1592 civi-

130 1631 263 1677 tate
281 1658 302 1688 ,
337 1612 517 1677 literae
543 1615 576 1678 ὲ
605 1614 908 1677 Postumio
950 1614 975 1654 ⁸
1013 1610 1281 1678 laureatae
1306 1612 1674 1692 sequuntur,

44 1737 51 1740 -
77 1759 81 1764 ,
130 1694 442 1757 vicioriam
476 1694 668 1779 populi
702 1695 934 1760 Romani
957 1692 1051 1778 ‘'ffi’
1069 1734 1092 1766 ,
1125 1701 1429 1778 AEquorum
1457 1692 1674 1761 exemi-2

133 1795 259 1838 tum
289 1774 548 1840 deletum.
1567 1795 1572 1796 ff
1667 1821 1672 1826 .

145 1851 155 1856 ⁴
197 1858 426 1920 'xxm
453 1857 854 1923 Tribunorum
876 1851 1067 1941 plebis
1086 1852 1346 1919 astiones
1365 1851 1504 1939 quia
1529 1870 1674 1919 non-

139 1941 288 2003 dum
314 1940 658 2003 invenerant
684 1939 859 2000 finem
882 1981 901 2009 ‚
928 1940 990 1998 Bc
1021 1935 1191 2018 plebs
1216 1936 1565 1997 continuare
1588 1934 1674 1997 la·-

137 2019 378 2084 toribus
419 2018 567 2100 legis
609 2017 979 2079 tribunatum
1014 2060 1036 2088 ,
1088 2017 1150 2077 &
1190 2018 1395 2075 Patres
1432 2013 1678 2076 reficere

137 2096 551 2168 intercessores
579 2095 729 2179 legis
762 2090 938 2158 annifi
970 2092 1124 2153 sunt.
1151 2091 1249 2153 sed
1276 2091 1409 2176 plus
1432 2091 1548 2155 suis
1573 2111 1680 2154 co·-

208 2272 241 2311 6
287 2259 430 2311 Haud
468 2256 717 2318 incertius]
762 2258 882 2304 Non
947 2265 1215 2318 querentur.
1259 2247 1558 2318 Sequeneibus
1581 2263 1681 2299 non

147 2328 243 2378 fuit
263 2326 455 2393 quidem
475 2328 705 2373 incertum
726 2322 776 2369 8(
799 2334 882 2366 an·
946 2315 1098 2382 potest
1124 2313 1205 2363 hic
1232 2317 1402 2380 exponi
1426 2314 1488 2363 iis
1512 2316 1593 2383 qui
1610 2315 1682 2378 Je-

148 2406 257 2458 αρε
276 2394 467 2455 magis,·
496 2388 642 2455 quam
698 2384 884 2433 raelium
946 2381 1210 2449 quebantur.
1271 2377 1504 2428 Nondum
1550 2381 1679 2427 enim

152 2457 378 2515 diurnum
408 2453 560 2505 fuerat
580 2472 595 2512 3
614 2402 881 2514 sexingen·
949 2447 1162 2497 Romani
1224 2444 1536 2510 sequebantur
1600 2458 1682 2493 eos

150 2526 213 2575 tis
236 2522 427 2586 pavoris
445 2553 463 2579 ,
487 2533 630 2585 atque
660 2515 783 2566 adeo
803 2512 880 2564 fu·
950 2509 1106 2560 hostes
1121 2544 1136 2569 ,
1158 2524 1277 2574 quos
1305 2506 1522 2561 nondum
1547 2522 1686 2577 terga.

156 2602 228 2652 gae
264 2621 280 2645 ,
316 2584 456 2633 alteri
501 2580 720 2632 exercitui
744 2576 882 2645 {qui
928 2569 1133 2625 .vertisse
1167 2589 1222 2622 ex
1251 2589 1355 2625 tota
1386 2574 1479 2623 hac
1512 2588 1682 2622 natra-

153 2653 466 2715 Verruginem
504 2645 717 2714 praesidio
753 2643 883 2692 obti-
947 2643 1075 2692 tione
1093 2652 1237 2704 patet.

157 2717 303 2767 nebat
322 2749 338 2775 ,
360 2715 498 2764 causa
521 2717 576 2762 ’δε
608 2714 749 2775 origo
774 2707 884 2755 fuit.
1012 2705 1038 2750 8
1061 2708 1328 2764 Lan-ream]
1364 2706 1519 2751 Lauro
1543 2701 1682 2750 invo-

159 2778 382 2832 Geterum
425 2782 474 2826 in
520 2780 613 2827 hoc
659 2774 889 2825 orationis
952 2769 1062 2819 lutae
1085 2767 1248 2833 :quod
1273 2766 1469 2815 solitum
1496 2770 1684 2815 Roma·-

158 2845 383 2900 membto
409 2858 504 2896 vox
528 2837 736 2912 prelium
765 2839 890 2887 otio·
953 2838 1026 2882 nis
1058 2832 1256 2880 ducibus
1283 2830 1340 2880 de
1367 2846 1416 2878 re
1442 2826 1470 2877 ὲ
1493 2830 1536 2877 se
1569 2829 1689 2879 bene

158 2912 211 2960 sa
243 2910 322 2959 est.
988 2896 1081 2946 esta
1112 2896 1174 2944 ad
1203 2896 1415 2945 senatum
1439 2893 1688 2943 scribenti-

224 2992 255 3029 7
301 2972 405 3033 ‘uba'
438 2970 588 3037 prima
628 2967 749 3032 lux]
792 2965 894 3017 Ubi
955 2915 1061 3012 {us-
1094 2961 1294 3009 ἱίἂοεεε
1326 2974 1515 3025 quoque
1551 2958 1691 3009 lauto

158 3043 319 3109 prima
359 3038 439 3086 lux
471 3032 587 3087 'fecit
609 3069 627 3096 ,
663 3049 715 3083 ut
750 3031 895 3081 nullae
959 3028 1177 3077 coronati
1203 3026 1440 3073 laureatos
1459 3021 1602 3072 fasces
1621 3024 1696 3077 vi<-

158 3112 261 3173 jam
294 3101 467 3152 infidiae
501 3098 759 3149 metuendae
796 3103 897 3148 Ro·
960 3095 1164 3142 &oriam
1188 3088 1274 3138 ade
1308 3092 1366 3137 tis
1397 3088 1698 3156 imperatori·

160 3172 317 3226 manis
351 3162 495 3222 effent
521 3200 542 3231 ,
581 3162 616 3216 fi
651 3159 791 3228 effuge
823 3163 894 3213 se·
963 3159 1049 3235 bus
1075 3154 1270 3222 ptaefere
1307 3166 1408 3206 ant.
