2159 3725
578 203 1294 369 {nezul-V.
1554 214 1800 311 361&

164 301 426 374 militum
445 353 473 383 ,
500 325 578 390 po
611 308 700 370 lits
729 307 911 392 quam
941 308 1249 372 consulum
1268 356 1288 383 ,
1321 306 1562 372 comitia
1597 312 1706 375 ha—
1737 319 1961 373 the-31⁶·

164 386 452 452 bet-entur
472 408 487 449 ε
509 387 671 450 haud
695 387 861 450 dubii
883 396 906 462 ,'
936 400 941 405 ’
970 389 1072 450 uin
1101 390 1197 451 sex
1217 387 1367 451 locis
1388 393 1415 469 (
1437 403 1533 450 tot
1545 391 1708 457 enim
1734 377 1963 432 ‘’⁶⁴³‘'

165 467 282 550 jam
317 467 502 530 creari
530 467 749 530 licebat
764 470 798 546 ,)
827 471 887 532 &
978 467 1132 531 ebeii
1170 467 1391 554 aliqui,
1423 469 1721 552 profiten«

166 547 245 609 do
274 548 332 609 se
357 547 584 610 ultores
609 545 738 610 fore
775 546 1050 621 Maehanae
1089 548 1300 624 caedis,
1341 567 1710 616 crearentur.
1737 610 1754 622 χ
1789 589 1802 601 2

164 625 345 689 Plebs
371 674 392 703 ‚
437 648 777 712 quanquam
821 628 1037 710 agitata
1079 628 1281 691 multis
1319 647 1400 690 eo
1439 648 1592 695 anno
1634 636 1705 696 δε

162 706 346 770 variis
376 708 637 770 motibus
655 726 783 770 erat
807 754 827 784 ,
867 727 977 770 nec
1003 706 1405 792 plures'quam
1430 725 1551 772 tres
1592 712 1706 774 tti-
1769 773 1774 782 .

165 787 365 850 bunos
384 788 671 850 consulari
721 788 1004 871 potestate
1026 788 1257 868 creavit
1279 835 1299 863 ‚
1340 791 1403 851 δε
1432 788 1491 850 in
1530 790 1603 853 iis
1637 797 1704 856 L.

165 866 497 952 Quintium
530 868 880 931 Cincinnati
923 866 1111 931 filium
1135 916 1156 944 ‚
1194 889 1268 931 ex
1305 868 1496 950 cujus.
1518 868 1705 934 dista-

163 963 313 1009 turae
357 946 579 1016 invidia
616 948 911 1026 tumultus
939 950 1324 1033 quaerebatur,
1368 959 1400 1001 4
1424 948 1705 1015 Praelatus

165 1024 453 1119 suffragiis
480 1027 742 1119 Quintio
767 1034 1100 1092 Mamercus
1126 1028 1398 1092 AEmili'us
1432 1029 1525 1093 vir
1544 1031 1700 1096 sum-

60 1187 75 1204 ,
167 1126 275 1169 mae
302 1104 626 1189 dignitatis.
669 1113 735 1178 L.
764 1108 989 1171 {lulium
1014 1109 1259 1172 tertium
1280 1126 1501 1172 creant.

247 1190 299 1247 X
321 1193 421 1250 VI
444 1192 494 1251 Ι.
536 1193 608 1249 In
630 1188 845 1261 horum
867 1188 1201 1268 magistratu
1229 1189 1489 1264 Fidenae,
1524 1187 1702 1266 colo'-
1729 1210 1839 1258 uc.
1857 1226 1965 1267 μγ.

132 1341 141 1350 ,
165 1263 264 1329 nia
294 1269 550 1331 Romana
573 1315 592 1343 ,
612 1266 683 1332 ad
702 1271 931 1329 Lartem
952 1266 1336 1331 Tolumnium
1359 1268 1703 1332 Veientium
1728 1270 1833 1315 ²·C·
1851 1287 1961 1324 4³<-

279 1367 375 1408 em
426 1367 496 1409 ac
536 1348 818 1411 Veientes
861 1345 1159 1410 defecere.
1204 1348 1394 1428 Majus
1433 1348 1700 1412 additum
1731 1326 1964 1444 AEfflfiffl·

162 1367 242 1489 {li
273 1425 494 1489 estioni
547 1427 758 1492 scelus.
826 1429 912 1488 C.
957 1425 1286 1488 Fulcinium
1332 1472 1352 1500 ‚
1402 1426 1700 1489 Cloelium
1731 1436 1824 1503 &9-

162 1505 412 1569 Tullum
452 1553 474 1583 ‚
513 1505 617 1591 Sp.
664 1503 924 1569 Ancium
961 1550 982 1580 ‚
1023 1500 1100 1565 'L.
1146 1505 1423 1568 Roscium
1466 1504 1697 1586 legatos
1727 1491 1895 1597 ἶῶῑζῧ·

158 1587 466 1650 Romanos
512 1632 533 1662 ,
587 1585 817 1647 causam
861 1583 1003 1654 novi
1043 1582 1266 1646 confilii
1328 1595 1700 1669 quaerentes,
1784 1626 1938 1681 Legm

107 1717 112 1727 .
158 1664 314 1749 juffu
355 1661 658 1727 Tolumnii
698 1657 1145 1727 interfecerunt.
1193 1669 1415 1728 Levant
1496 1664 1695 1728 uidam
1727 1679 1845 1731 Rom.
1886 1684 1914 1724 a

160 1745 324 1830 regis
348 1744 583 1808 facinus
610 1766 626 1806 :
663 1743 723 1805 in
748 1741 1082 1807 refferarum
1103 1746 1380 1839 prospero
1403 1744 1459 1827 ja
1522 1768 1559 1809 u
1585 1768 1697 1811 vo-
1723 1739 1760 1837 ζ
1762 1739 1944 1852 “1222“-

159 1847 300 1890 cem
323 1826 450 1906 ejus
476 1824 805 1909 ambiguam
827 1871 846 1901 ‚
888 1841 956 1888 ut
982 1825 1181 1891 occidi
1199 1824 1420 1907 ‘jussisse
1448 1826 1693 1892 videre·
1748 1811 1795 1840 “¹
1893 1830 1911 1848 ⁰

160 1903 308 1980 tur,'
346 1907 419 1973 ab
445 1904 817 1969 Fidenatibus
842 1924 1149 1991 exceptam
1173 1954 1192 1984 ,
1224 1911 1453 1972 causam
1482 1910 1710 1987 mortis,

158 1987 220 2050 le
302 1986 378 2048 tis
428 1984 613 2049 fuifle.
667 1990 813 2049 Rem
857 1987 1308 2050 incredibilemi
1352 1989 1695 2053 interventu

156 2068 221 2130 Fi
270 2066 532 2128 enatium
552 2086 846 2131 novorum
870 2066 1170 2129 sociorum
1196 2112 1217 2142 ‚
1258 2067 1695 2132 consulentium

157 2148 244 2211 de
273 2145 517 2209 caederu
560 2164 692 2210 tura
717 2146 807 2226 jus
832 2145 1102 2229 gentium
1126 2190 1147 2220 ,
1188 2165 1306 2207 non
1335 2147 1598 2208 aversum
1620 2146 1698 2208 ab

156 2226 496 2290 intentione
544 2226 678 2290 usfis
715 2226 1018 2301 animum3
1057 2244 1170 2288 nec
1193 2223 1406 2288 deinde
1444 2224 1505 2286 in
1544 2225 1696 2287 hor-
1749 2261 1756 2269 ·
1817 2244 1830 2251 ”

157 2308 366 2370 rorem
387 2307 619 2370 versum
654 2304 933 2371 facinus.'
975 2307 1177 2389 ropius
1206 2305 1287 2371 est
1329 2303 1545 2382 fidem,
1588 2304 1702 2367 ob-

153 2385 368 2468 stringi
387 2385 749 2453 Fidenatium
773 2406 934 2471 popu
961 2406 1094 2460 um,
1128 2402 1201 2447 ne
1229 2384 1513 2476 respicere
1536 2386 1700 2468 spem

156 2465 351 2529 ullam
381 2466 455 2529 ab
481 2466 753 2530 Romanis
773 2461 993 2550 posset,
1021 2464 1380 2528 conscientia
1401 2468 1548 2528 tanti
1574 2466 1700 2528 sce-

152 2544 308 2609 leris
339 2591 360 2621 ,
401 2544 666 2610 voluiss'e.
738 2552 1096 2628 Legatorum
1127 2596 1132 2601 .
1183 2546 1243 2608 ui
1294 2544 1522 2609 Fidenis
1574 2542 1723 2614 caefi,

157 2643 336 2689 erant
369 2671 390 2701 ‚
439 2624 633 2688 statuae7
672 2625 908 2710 publice
951 2625 1012 2687 in
1052 2629 1146 2687 Ro
1197 2626 1274 2688 ris
1315 2622 1506 2709 positae
1542 2627 1697 2690 sunt.

157 2704 333 2770 Cum
362 2704 713 2768 Veientibus
731 2704 1219 2788 Fidenatibusque
1245 2750 1267 2779 ,
1308 2723 1513 2787 praeter
1560 2725 1698 2767 uam

160 2783 441 2863 finitimis
477 2807 557 2868 po
601 2785 752 2863 ulis,
783 2785 856 2850 ab
882 2787 1051 2849 causa
1082 2786 1265 2847 etiam
1289 2800 1410 2846 tam
1441 2801 1513 2844 ne
1545 2782 1696 2844 anda.
1729 2849 1733 2853 ⁴

156 2862 394 2929 bellum
418 2885 561 2928 exor
582 2886 632 2928 1s
655 2912 676 2940 ‚
715 2883 887 2928 atrox
918 2864 1222 2927 dimicatio
1254 2860 1521 2925 instabat.
1569 2866 1702 2923 Ita-

156 2954 289 3031 que
314 2959 334 2991 ¹
367 2943 443 3009 ad
490 2965 694 3008 curam
732 2947 963 3033 summae
1003 2963 1200 3009 rerum
1239 2939 1444 3025 quiet&
1484 2939 1700 3025 plebe,

207 3091 251 3137 4
267 3073 492 3124 Praelatus
499 3073 734 3142 staff-agiis
747 3075 904 3143 Qn—
1036 3086 1055 3119 x
1088 3069 1182 3121 Ad
1207 3079 1395 3133 curam]
1427 3070 1703 3130 Quiescente

52 3180 67 3186 ,
148 3143 224 3193 tio
243 3147 271 3201 '1
311 3141 451 3188 Prior
493 3138 645 3253 auem
686 3141 907 3199 Quintius
970 3133 1000 3183 ὁ,
1031 3134 1335 3200 seditionibus
1359 3134 1495 3200 plebe
1524 3135 1589 3183 ob
1616 3148 1702 3203 eu-

150 3207 441 3258 nominatus
465 3218 490 3250 e
971 3214 1078 3259 ram
1111 3198 1168 3255 dc
1196 3199 1386 3253 summa
1420 3213 1596 3274 rerum.

254 3273 427 3335 Tum.
457 3273 509 3336 1.
581 3320 587 3325 .
1406 3265 1480 3344 Q
