2159 3725
575 216 993 296 Lrnnn
1086 215 1184 296 V.
1527 212 1684 323 '503‘

1931 196 1980 209 e..

1908 215 1958 273 t«-

1993 223 2026 252 Q

140 317 205 381 ni
225 311 411 381 innixi
439 316 926 403 sublevantesque
951 317 1247 394 invicem,
1285 317 1353 381 &
1376 316 1682 384 trahentes
1710 328 1938 383 mazer.
1989 371 1998 381 ,

138 398 243 462 alii
262 399 409 462 alios
428 447 449 476 ‚
471 417 655 485 prout
677 397 997 483 postularet
1022 398 1196 461 locus
1212 441 1232 468 ,
1254 415 1424 480 tanto
1452 399 1683 465 filentio
1706 389 1811 437 ³·c·
1831 388 1941 442 ³⁸⁷·

141 479 207 541 in
227 481 520 546 summum
535 482 770 546 evasere
788 526 810 556 ,
846 497 918 543 ut
939 500 1060 542 non
1078 478 1350 542 custodes
1371 478 1556 544 solum
1579 478 1687 545 fal-

139 559 335 624 lerent
353 608 373 636 ‚
404 561 503 625 sed
536 581 612 625 ne
642 579 820 624 canes
844 559 1092 646 quidem
1128 558 1444 624 sollicitum
1471 559 1690 625 animal

138 640 219 706 ad
245 641 569 708 nocturnos
602 642 915 736 strepitur»,
954 642 1303 705 excitarent.
1350 653 1370 685 ¹
1430 643 1686 707 Anseres
1708 666 1910 726 msa-„4
1981 629 1988 634 ’

137 742 266 785 non
285 720 550 788 fefellere
572 767 592 801 ‚
633 723 856 809 quibus
880 723 1054 785 sacris
1073 722 1295 786 Iunoni
1314 768 1333 798 ‚
1378 720 1438 784 in
1459 724 1683 787 summa

137 802 341 887 inopia
369 805 525 880 cibi,⁹
564 822 762 867 tamen
791 802 1205 867 abstinebatur.
1243 823 1375 888 quae
1397 824 1489 866 res
1511 803 1686 869 saluti

139 883 284 947 fuit.
316 891 593 968 Namque
613 885 891 969 clangore
912 905 1123 947 eorum
1143 930 1162 959 ‚
1193 883 1537 978 alarumque
1559 906 1684 948 cre-

134 964 278 1051 pitu
319 966 553 1028 excitus
600 972 684 1031 M.
733 963 989 1027 Manlius
1017 1010 1036 1040 ‚
1088 963 1195 1058 qui
1246 965 1503 1028 triennio
1549 965 1683 1030 ante
1706 981 1782 1029 Μ
1800 981 1945 1024 Man.-

134 1045 353 1109 consul
376 1044 601 1121 fuerat,
620 1048 714 1110 vir
736 1046 898 1110 bello
922 1064 1201 1139 egregius
1224 1091 1243 1121 ,
1268 1046 1443 1110 armis
1482 1068 1680 1134 arrep·
1709 1038 1764 1083 ‘³‘
1779 1036 1941 1086 “5¹²¹“-

140 1126 227 1188 tis
255 1170 275 1199 ,
310 1125 477 1190 simul
499 1125 572 1189 ad
597 1147 753 1189 arma
779 1145 1013 1189 ceteros
1032 1135 1198 1190 'ciens
1218 1126 1417 1191 vadit:
1460 1128 1689 1192 &dum

139 1209 337 1270 ceteri
376 1206 710 1291 trepidant,
747 1206 1025 1281 Gallum,
1068 1207 1175 1293 qui
1214 1207 1327 1285 jam
1349 1207 1417 1270 in
1459 1210 1691 1273 summo

144 1287 492 1352 constiterat
518 1334 541 1365 ‚
594 1288 855 1352 umbone
914 1286 1100 1349 istum
1150 1286 1446 1352 deturbat.
1496 1289 1693 1372 Cujus

145 1370 318 1431 casus
343 1368 591 1453 prolapsi
611 1390 799 1453 quum
817 1364 1124 1452 pr'oximos
1147 1366 1428 1432 sterneret
1448 1415 1468 1444 ,
1508 1369 1692 1454 trepi-

148 1447 358 1511 dantes
405 1449 552 1511 alios
566 1494 587 1526 ‚
633 1449 924 1531 armisque
968 1446 1183 1510 omiffis
1203 1493 1225 1522 ‚
1262 1449 1389 1510 saxa
1409 1495 1428 1522 ,
1474 1449 1697 1532 quibus

146 1527 551 1603 adherebant,
587 1527 859 1590 manibus
878 1548 972 1590 am
1016 1525 1218 1601 lexos,
1251 1528 1529 1593 trucidat.
1551 1529 1696 1611 jam-

148 1627 273 1691 que
312 1611 374 1671 &
413 1607 510 1671 alii
534 1607 879 1692 congregati
911 1625 971 1669 te
997 1607 1046 1668 is
1083 1606 1501 1693 miffilibusque
1545 1610 1698 1682 saxis

148 1687 503 1780 proturbare
523 1688 721 1753 hostes
740 1733 758 1762 ,
790 1686 1081 1773 ruinaque
1101 1705 1230 1751 tota
1247 1688 1510 1774 prolapsa
1538 1690 1697 1755 acies
1740 1737 1746 1744 .

147 1786 215 1830 m
272 1789 527 1858 praeceps
570 1767 806 1834 deferri.
850 1768 1068 1833 Sedato
1118 1769 1332 1834 deinde
1383 1771 1649 1836 tumultu
1672 1818 1698 1850 ‚

145 1848 452 1935 reliquum
489 1853 683 1918 nostis
710 1855 739 1931 (
805 1871 1052 1919 uantum
1103 1850 1164 1915 in
1233 1851 1485 1918 turbatis
1530 1875 1696 1918 men-

151 1931 316 1995 tibus
338 1952 612 2018 poterat‚
653 1957 736 2019 qu
875 1933 1239 2024 praeterirum
1347 1956 1507 2018 oque
1545 1936 1700 2021 peri-

152 2012 366 2073 culum
383 2013 1210 2095 sollicitaret)qu1etidatum
1228 1957 1329 2074 eii.
1353 2023 1513 2077 Luce
1536 2015 1664 2078 orti
1674 2060 1699 2091 ,

149 2090 386 2157 vocatis
408 2090 641 2152 clafficb
662 2091 736 2165 ad
758 2090 1089 2153 concilium
1108 2090 1400 2154 militibus
1420 2093 1494 2154 ad
1514 2094 1705 2158 tribu-

151 2190 268 2236 nos
285 2216 303 2244 ‚
350 2190 539 2256 quum
579 2173 645 2233 δε
671 2167 831 2232 reete
852 2173 914 2245 &
940 2190 1245 2254 perperam
1265 2169 1424 2232 facto
1444 2172 1703 2255 pretium

156 2251 515 2328 deberetur3
534 2249 788 2314 Manlius
806 2247 1059 2335 primum
1082 2248 1164 2313 ob
1183 2250 1468 2314 virtutem
1490 2251 1704 2318 lauda-

156 2348 258 2396 tus
282 2333 653 2417 donatusque
674 2376 694 2404 ,
711 2350 830 2393 non
851 2329 924 2395 ab
941 2330 1197 2394 tribunis
1215 2329 1403 2394 solum
1422 2333 1706 2411 militum,

160 2412 262 2475 sed
298 2415 580 2477 consensu
617 2410 1098 2476 etiammilitari:
1140 2411 1243 2475 cui
1278 2411 1529 2484 univer-fi
1562 2413 1704 2477 seli-

152 2492 291 2556 bras
320 2492 489 2559 farris
508 2539 528 2569 ,
555 2496 620 2557 δε
643 2506 671 2536 ²
698 2491 1028 2577 quartarios
1043 2491 1208 2569 vini,
1252 2491 1327 2556 ad
1353 2493 1505 2559 aedes
1540 2496 1698 2575 ejus„

159 2593 293 2656 quae
317 2575 378 2638 in
401 2596 536 2639 arce
566 2590 731 2637 erant
748 2620 768 2649 ,
798 2572 1207 2637 contulerunt.
1242 2594 1368 2639 rem
1390 2574 1551 2639 distu
1572 2599 1710 2661 par-

160 2675 326 2721 vam:
366 2654 635 2720 ceterum
657 2654 857 2738 inopia
885 2651 1109 2718 fecerat
1134 2673 1263 2717 earn
1287 2672 1710 2738 argumentum

229 2861 251 2896 1
293 2850 499 2914 Anseres
534 2867 623 2899 non
652 2846 897 2915 fefellere]
969 2851 1120 2901 serem
1148 2847 1263 2900 vere
1293 2851 1344 2899 in
1363 2848 1526 2897 lectica
1549 2850 1599 2899 δι
1623 2863 1708 2897 ve-

163 2920 318 2966 Docet
352 2916 476 2964 Plut.
506 2914 591 2962 sub
620 2911 763 2962 finem
787 2913 903 2964 libri
969 2915 1033 2963 ste
1086 2914 1294 2980 stragula
1349 2912 1479 2963 velut
1535 2915 1708 2962 trium-

163 2980 223 3031 de
276 2978 467 3027 fortuna
518 2983 853 3029 Romanorum
883 3012 901 3038 ,
968 2982 1218 3046 phantem.

167 3047 255 3094 suo
280 3043 439 3095 adhuc
467 3057 571 3093 aevo
588 3077 604 3102 ‚
637 3047 691 3093 in
720 3059 907 3092 memo·
1032 3059 1058 3093 2
1078 3040 1361 3113 Qmeaeeins
1374 3041 1523 3105 vini]
1554 3047 1714 3101 Quar-

64 3126 77 3153 x
166 3111 296 3161 riam
312 3111 411 3222 mis
432 3109 533 3166 τοὶ,
565 3107 757 3157 soleun'r
796 3124 905 3157 om·
970 3113 1119 3158 tarius
1166 3105 1295 3156 haud
1335 3104 1543 3156 multum
1578 3123 1714 3157 exce-

166 3174 228 3239 pi
259 3189 315 3239 ge
387 3174 427 3222 ri
457 3172 652 3223 solitum
690 3190 716 3221 e
755 3189 781 3221 e
821 3189 903 3223 ca·
968 3173 1043 3225 dit
1068 3188 1179 3222 eum
1206 3170 1461 3221 modulum
1476 3173 1577 3220 viui
1594 3205 1611 3232 ,
1634 3169 1714 3223 vel

165 3252 280 3325 uem
305 3240 356 3291 in
388 3237 522 3291 fiatca
542 3235 768 3289 suffixum
780 3272 798 3300 ,
820 3254 905 3292 an·
969 3253 1106 3306 aquae
1118 3274 1137 3301 ,
1154 3253 1298 3305 quem
1317 3235 1516 3289 dicimus
1531 3235 1717 3306 poiffon.

58 3540 61 3567 ι
76 3514 112 3577 j
910 3514 943 3525 ‘⁹
