2159 3725
552 141 563 156 ⁶
614 134 681 210 L
737 159 771 208 1
821 156 867 209 Β
922 153 969 207 Β
1023 154 1076 208 R
1184 133 1278 208 V.
1565 154 1622 232 4.
1625 155 1727 234 57

182 249 430 319 toeptus
471 278 493 310 ,
548 251 809 317 eumque
853 230 1137 295 adhibere
1184 229 1407 294 tribuni
1461 231 1720 298 militum
1747 241 1982 296 the-³5⁸·

179 311 507 378 Cornelius
552 311 1001 396 Postumiusque
1061 311 1138 378 ad
1189 310 1447 396 prodigii
1501 312 1718 380 Albani
1746 300 2016 380 ²⁸0·⁵’⁴·.

225 393 666 458 temtationem
691 414 759 456 ac
784 391 931 474 deos
969 392 1080 454 rite
1110 385 1429 476 placandos
1452 410 1723 477 coepere.

176 418 631 558 ¹inventumque
672 475 911 561 tandem
946 471 1064 549 est,
1103 472 1209 536 ubi
1240 472 1536 565 negledias
1561 475 1726 538 eoeri-

185 556 457 636 monia,
485 553 951 619 intermiffumve
987 551 1223 623 solenne
1253 554 1335 617 di1
1370 571 1724 638 arguerent,

192 633 348 701 nihil
393 635 666 720 profesto
722 634 881 698 aliud
927 632 1076 707 effe,
1125 633 1307 718 quam
1357 635 1727 718 magistratus

124 717 141 732 ⁴
188 717 347 783 vitio
375 734 608 780 creatos
630 764 648 791 ,
691 728 712 760 ¹
745 714 1381 800 Latinas,1hcrumque
1404 715 1464 776 in
1491 712 1728 781 Albano
1771 753 1778 758 -

188 815 402 868 monte
436 817 559 859 non
601 798 714 860 rite
755 800 783 841 '2
829 790 1186 878 concepisse.
1215 815 1395 858 unam
1429 796 1727 880 expiatio-

190 898 335 944 nem
380 898 589 940 eorum
632 872 783 953 effe,
823 893 894 940 ut
928 875 1155 940 tribuni
1192 875 1450 939 militum
1491 875 1827 942 abdica-

188 976 329 1028 tent
366 960 426 1020 se
457 978 550 1020 ma
593 955 828 1033 istratu3
869 954 1123 1041 auspicia
1164 953 1240 1020 de
1279 956 1515 1041 integro
1555 976 1730 1044 repe-

190 1055 468 1110 ,terentur
487 1083 508 1114 ,
647 1039 1048 1123 interregnum
1072 1036 1340 1115 iniretur.
1367 1037 1445 1102 Ea
1469 1038 1550 1101 ita
1575 1037 1729 1103 facta

191 1119 332 1184 sunt
370 1140 443 1182 ex
489 1118 1019 1196 senatusconsulta,
1043 1123 1379 1212 Interreges
1414 1136 1534 1182 tres
1560 1117 1728 1183 dein·

194 1199 342 1285 'ceps
368 1197 535 1264 fuere
556 1244 574 1273 ,
602 1203 665 1260 L.
694 1196 964 1261 Valerius
985 1246 1004 1273 ‚
1027 1203 1118 1277 Q.
1140 1199 1422 1263 Servilius
1449 1200 1689 1263 Fidenas
1705 1247 1728 1278 ,

195 1288 287 1346 M.
314 1280 531 1343 Furius
570 1277 889 1344 Camillus,
931 1284 1258 1362 Nunquam
1293 1277 1541 1342 desitum
1577 1280 1729 1344 inte·
1788 1309 1794 1317 ·

196 1359 317 1425 'rim
350 1358 614 1438 turbari,
650 1357 894 1421 comitia
929 1358 1441 1441 interpellantibus
1473 1359 1732 1423 tribunis

201 1437 396 1528 plebis
417 1486 439 1516 ,
479 1438 671 1501 donec
697 1433 1060 1517 conveniffiet
1096 1436 1260 1520 prius
1278 1484 1299 1512 ,
1324 1460 1387 1501 ut
1408 1448 1581 1513 major
1592 1457 1729 1523 pars

197 1522 553 1584 tribunorum
607 1517 856 1580 militum
918 1541 981 1579 ex
1018 1516 1194 1600 plebe·
1227 1540 1527 1582 crearetur.
1578 1523 1734 1599 Quae

194 1599 348 1674 dum
370 1597 625 1681 aguntur
638 1643 658 1673 ,
684 1594 939 1659 concilia
965 1595 1212 1660 Etruria:
1245 1597 1320 1662 ad,
1351 1604 1567 1663 Fanum
1589 1598 1734 1663 Vol·

198 1677 429 1758 ‚tu'mnae
473 1675 714 1754 habim,
741 1675 1285 1771 postulantibusque
1329 1681 1736 1764 Capenatibus

199 1780 274 1825 ac
300 1758 528 1821 Faliscis
546 1805 565 1835 ,
600 1777 671 1822 ut,
694 1758 877 1821 Veios
900 1780 1205 1826 communi
1227 1759 1423 1823 animo
1452 1761 1729 1825 confilio-

200 1861 326 1933 que
353 1859 559 1905 omnes
582 1839 825 1906 Etruria:
850 1839 1063 1929 populi,
1098 1863 1171 1907 ex
1203 1839 1504 1915 obsidione
1543 1844 1736 1930 eripe.-¹

278 2000 298 2033 1
324 1988 553 2048 latinas]
578 1991 745 2037 Perias.
766 1993 939 2038 Earum
1000 2003 1135 2040 verat
1152 2010 1164 2038 ε
1184 1990 1305 2039 alter
1329 1992 1533 2056 adjefikus
1548 1989 1611 2039 est
1628 1989 1734 2054 post

205 2053 374 2103 au&or
388 2054 674 2115 Tarquinius
686 2053 942 2115 Superbus,
1001 2056 1187 2101 exactos
1219 2070 1376 2118 reges3
1398 2057 1559 2102 tertius
1579 2087 1593 2112 ,
1629 2053 1736 2116 post

248 2119 300 2164 ui
327 2115 430 2182 post
460 2115 605 2163 ianm
630 2130 741 2163 cum
766 2118 939 2180 Latinis
1001 2115 1190 2179 plebem
1212 2118 1426 2164 Patribus
1452 2118 1733 2164 reconcilia-

235 2180 400 2239 oedus‘,
435 2184 451 2234 (
476 2178 535 2227 de
551 2196 649 2244 quo
665 2177 819 2227 noster
838 2178 873 2227 1.
897 2185 937 2226 Ι.
1003 2193 1105 2227 tam
1132 2195 1261 2229 anuo
1293 2190 1403 2227 261.
1432 2194 1627 2245 quartus
1646 2179 1730 2227 de-

208 2259 256 2294 c.
285 2254 403 2304 52.)
432 2248 507 2293 cui
543 2247 594 2291 &c
624 2245 849 2301 Hernici,
887 2245 945 2299 δε,
1001 2257 1145 2307 nique
1163 2242 1265 2307 post
1287 2244 1439 2309 legem
1467 2242 1525 2291 de
1544 2242 1733 2306 plebeio

247 2310 412 2358 uidam
442 2305 468 2357 ὲ
503 2307 687 2361 Volscis
717 2307 941 2373 adscripti
1001 2308 1248 2356 consulatu
1266 2307 1433 2356 latam.
1464 2312 1573 2356 Mos
1596 2323 1698 2356 erat
1715 2340 1734 2367 ,

208 2324 319 2423 iiim
349 2405 367 2432 ‚
402 2387 456 2423 ut
489 2374 588 2439 ejus
618 2371 810 2421 foederis
835 2388 938 2420 me·
1002 2386 1055 2420 ut
1106 2373 1315 2421 consules
1370 2388 1466 2421 non
1517 2370 1626 2421 ante
1684 2375 1735 2422 in

207 2441 371 2489 moria
427 2453 670 2505 nunquam
720 2432 939 2487 abolere·
1000 2439 1269 2501 provincias
1298 2436 1734 2503 proficiscerentur,

206 2511 290 2551 tur
309 2537 327 2561 ,γ
354 2518 611 2553 commune
633 2504 810 2551 horum
830 2517 940 2550 om·
1005 2501 1154 2566 quam
1185 2503 1271 2550 has
1302 2502 1442 2552 ferias
1464 2499 1732 2553 indixissent

208 2570 351 2616 nium
410 2569 701 2634 populorum
756 2567 943 2616 sacrum
1009 2568 1061 2615 &
1091 2564 1415 2618 celebrassent.

211 2630 416 2681 instituit
434 2667 453 2690 ,
472 2632 601 2698 quod
628 2633 739 2682 Jovi
770 2633 946 2680 Latiari
1165 2630 1172 2636 ’
1233 2693 1236 2697 ¹

263 2698 474 2745 ·btannis
500 2696 549 2745 in
573 2711 735 2747 monte
753 2695 946 2763 Alba-no
1075 2710 1104 2741 2
1143 2693 1421 2761 Concepiffe]
1459 2702 1594 2749 Nota
1624 2713 1737 2762 pro-

251 2775 367 2809 eret.
420 2765 572 2825 Hujus
601 2763 720 2810 sacri
752 2762 946 2824 pattici·
1010 2762 1259 2824 prietatem
1275 2761 1428 2809 verbi.
1455 2766 1593 2810 Feriae
1609 2766 1739 2812 enim

212 2841 298 2892 pes
316 2826 452 2874 erant
470 2827 642 2890 septem
669 2826 806 2888 supra
829 2839 949 2890 qua·
1014 2827 1187 2873 Latinae
1236 2827 1506 2891 conceptivae
1551 2842 1683 2875 erant
1722 2845 1739 2875 ε

217 2891 446 2954 draginta
484 2889 650 2956 populi
688 2907 701 2937 ε
740 2891 951 2938 Romani
1012 2890 1048 2936 i.
1069 2905 1111 2937 e.
1131 2904 1229 2937 non
1250 2888 1389 2938 statos
1404 2906 1461 2940 ac
1480 2907 1631 2941 certos
1649 2893 1739 2940 ha·

257 2969 472 3003 raeerant.
511 2960 619 3003 Hoc
656 2969 804 3019 quum
835 2953 956 3003 cele·
1016 2951 1193 3002 bebant
1227 2956 1281 3003 in
1314 2969 1440 3003 anno
1487 2973 1543 3009 ac
1587 2957 1745 3013 mense

218 2972 471 3074 gratetur,
485 3017 549 3066 ab
567 3021 763 3073 omuiyi
777 3035 832 3068 ac
849 3018 953 3067 bel·
1004 3017 1114 3069 *dies
1127 3054 1148 3085 ,7
1172 3018 1249 3066 sed
1268 3023 1521 3084 quotannis
1534 3023 1752 3088 ageban-

218 3081 276 3135 lo
325 3079 613 3133 cessabatur.
672 3085 956 3150 Tarquinius
1017 3097 1095 3131 tut
1121 3084 1180 3132 iis⁴
1202 3083 1365 3132 diebus
1382 3119 1398 3143 ‚
1419 3088 1470 3134 in
1490 3103 1609 3152 quos
1627 3102 1745 3140 con·-

186 3204 199 3209 ,
225 3163 378 3200 unum
412 3146 539 3199 diem
569 3152 627 3200 iis
661 3147 792 3202 feriis
822 3148 954 3200 dica·
1017 3147 1138 3219 sules
1160 3146 1440 3201 indixiffeut.
1733 3154 1738 3161 ·

318 3219 474 3281 Tomi
502 3223 555 3283 1.
643 3256 669 3272 ·
1451 3219 1510 3277 V
