2159 3725
804 67 849 92 s

571 210 1036 294 Lissa
1131 211 1285 292 IV.
1550 217 1709 316 383·

160 329 267 378 cus
291 307 411 396 jam
447 308 645 397 pudor
673 311 751 376 ad
774 312 1061 396 primores
1093 311 1355 377 civitatis
1383 313 1700 396 pervenit,
1723 328 1948 384 men-r.

160 409 474 467 cernentes
496 389 560 453 in
583 392 860 456 omnibus
885 385 1036 455 vicis
1061 393 1403 476 sacellisque
1443 395 1704 478 peregri·
1724 386 1949 442 ²·C·4²5·

158 493 234 538 na
258 492 445 557 atque
472 471 703 535 insolita
724 471 958 555 piacula
984 472 1148 556 pacis
1171 471 1351 536 deum
1382 477 1707 557 exposcen-

160 551 268 616 dae.
310 557 536 616 Datum
574 552 713 618 inde
756 553 1067 637 negotium
1101 552 1378 617 ‘aedilibus
1406 597 1429 628 ,
1465 570 1537 617 ut
1579 555 1705 619 ani-

159 630 636 709 madverterent,
673 653 749 695 ne
791 633 937 717 qui,
975 630 1079 695 nifi
1119 633 1366 698 Romani
1404 633 1542 710 dii,
1578 657 1701 701 neu

48 711 51 716 ’
132 725 289 797 'quo
322 712 446 776 alio
483 733 684 790 more,
711 714 905 803 quim·
925 713 1158 796 patrio,
1191 713 1550 778 colerentur.
1591 720 1698 780 Irae
1722 735 1957 791 U.c.32s.

156 790 445 858 adversus
475 793 758 857 Veientes
787 794 852 857 in
887 794 1299 877 insequentem
1331 813 1550 857 annum
1572 840 1593 871 ‚
1617 799 1696 862 C.
1719 794 1954 847 ²·‘2-⁴²⁴·

159 872 482 938 Servilium
522 873 813 951 Ahalam,
854 879 919 937 L.
963 873 1265 957 Papirium
1303 874 1696 958 Mugillanum
1719 851 1955 957 νῑῧὸῗῗζ

159 952 437 1017 consules
456 1000 474 1029 ,
495 952 685 1017 dilatae
710 956 862 1017 sunt.
892 959 1067 1018 Tunc
1093 974 1340 1040 quoque
1373 976 1450 1018 ne
1479 954 1695 1020 confe-
1719 961 1907 1017 Papirio

155 1032 294 1100 stim
333 1031 557 1097 bellum
593 1034 953 1097 indiceretur
983 1081 1004 1110 ‚
1036 1055 1188 1098 neve
1223 1036 1524 1100 exercitus
1558 1037 1700 1102 mit-
1721 1019 1784 1069 ¹¹·
1802 1012 1935 1072 ‘²⁰¹3

156 1130 433 1177 terentur
450 1160 471 1189 ,
496 1112 705 1197 religio
730 1114 975 1177 obstitit.
1008 1113 1249 1178 feciales
1274 1114 1701 1199 priusemitten-

154 1191 277 1256 dos
305 1193 378 1257 ad
406 1214 501 1256 res
522 1194 869 1280 repetendas
894 1195 1189 1258 censuere.
1230 1197 1395 1258 Cum
1422 1197 1699 1260 Veienti·-

154 1272 279 1336 bus
320 1293 507 1359 nuper
545 1275 673 1337 acie
712 1274 1063 1338 dimicatum
1104 1275 1179 1336 ad
1220 1281 1592 1339 Nomentum
1632 1281 1698 1341 δι

155 1353 404 1416 Fidenas
433 1353 665 1430 fuerat3
693 1354 1065 1437 induciaeque
1091 1353 1228 1416 in‘de
1256 1398 1277 1430 ‚
1316 1375 1436 1417 non
1462 1378 1574 1446 pax
1601 1355 1695 1419 fa-

158 1431 257 1495 &a
281 1478 302 1507 ‚
339 1454 593 1517 quarum
615 1437 677 1495 &
702 1434 830 1496 dies
861 1435 1085 1495 exierat
1107 1477 1128 1506 ‚
1163 1436 1225 1494 δε
1258 1451 1393 1495 ante
1418 1432 1575 1496 diem
1604 1454 1702 1497 re.

156 1510 546 1576 bellaverant.
589 1513 739 1573 Miffi
767 1529 963 1573 tamen
991 1509 1269 1574 feciales:
1296 1531 1408 1574 nec
1448 1533 1697 1592 eorum,

158 1613 357 1677 quum
381 1611 550 1655 more
576 1609 811 1673 patrum
833 1591 1015 1672 jurati·
1038 1607 1374 1675 repeterent
1398 1612 1527 1668 tes,
1561 1613 1696 1658 vet-

156 1672 238 1734 ba
260 1674 399 1736 sunt
424 1669 645 1733 audita.
687 1671 1108 1735 Controversia
1131 1670 1268 1735 inde
1294 1671 1412 1736 fuit
1436 1718 1455 1748 ,
1491 1670 1696 1737 utrum
1757 1698 1950 1756 menet.
2047 1693 2054 1700 ’

46 1817 53 1826 .
158 1750 374 1836 populi
401 1747 549 1825 juffu
589 1748 947 1818 indiceretur
968 1751 1234 1829 bellum,
1274 1773 1348 1815 an
1385 1753 1522 1816 satis
1553 1752 1696 1818 effet
1715 1757 1951 1802 husbeum

158 1828 748 1897 senatusconsultum.
802 1834 1115 1900 Pervicere
1165 1834 1427 1911 tribuni,
1459 1815 1934 1901 denua-‘’⁰⁴³5“’'··

48 1926 67 1957 ³<
152 1911 380 1977 ciando
419 1910 807 1997 impedituros
847 1917 904 1979 se
940 1916 1238 1989 delestum
1259 1960 1280 1991 ,
1315 1935 1388 1981 ut
1422 1918 1697 1983 consules

157 1994 242 2057 de
276 1991 436 2056 bello
469 1990 544 2077 ad
576 1992 864 2078 populum
894 1996 1140 2059 ferrent.
1173 2017 1379 2058 omnes
1416 1999 1697 2062 centuriae

157 2068 396 2156 jussere.
424 2078 494 2135 In
520 2093 593 2137 eo
615 2094 860 2158 quoque
880 2075 1049 2158 plebs
1067 2075 1332 2157 superior
1354 2075 1504 2149 fuit,
1524 2076 1696 2158 quod

158 2151 364 2217 tenuit
380 2199 401 2232 ‚
429 2173 503 2217 ne
540 2153 809 2219 consules
835 2152 899 2218 in
923 2154 1266 2239 proximum
1291 2173 1508 2216 annum
1532 2174 1699 2217 crea-

158 2250 392 2300 rentur.

246 2317 456 2375 XXXI.
490 2312 743 2377 Tribuni
783 2309 1042 2374 miiitum
1075 2310 1368 2376 consulari
1411 2313 1697 2397 potestate
1723 2340 1829 2390 mc,
1849 2353 1958 2399 μὴ

158 2411 430 2476 quatuor
456 2394 636 2456 creati
663 2395 794 2457 sunt
816 2439 836 2468 ,
865 2401 886 2433 ¹
923 2394 994 2454 Τ.
1022 2392 1318 2471 Quintius
1356 2393 1595 2458 Pennus
1621 2415 1694 2458 ex
1723 2401 1954 2466 κομι.

154 2471 480 2536 consulatu
499 2518 514 2542 ‚
540 2478 619 2536 C.
652 2473 857 2537 Furius
875 2518 897 2547 ,
925 2479 1011 2533 M.
1045 2472 1410 2550 Postumum,
1434 2478 1510 2537 A.
1534 2478 1691 2540 Cor·
1723 2459 1959 2561 ἷὸωὲζζ

158 2551 358 2616 nelius
389 2550 606 2616 Coss‘us
626 2574 641 2615 ε
663 2572 739 2615 ex
770 2552 843 2614 iis
878 2549 1092 2616 Cossus
1119 2553 1353 2638 praefuit
1385 2555 1538 2620 urbi.
1572 2574 1692 2621 tres
1723 2547 1939 2629 Tt.’Mu‚

158 2631 403 2697 delectu
429 2632 643 2697 habito·
673 2630 927 2717 profesti
954 2634 1090 2696 sunt
1115 2635 1300 2698 Veios
1320 2681 1342 2710 ,
1359 2635 1699 2707 documen·

164 2729 357 2798 toque
392 2712 571 2777 fuere
598 2761 619 2792 ,
654 2712 835 2805 quam
873 2710 1138 2797 plurium
1173 2713 1488 2798 imperium
1533 2716 1697 2780 bello

158 2918 169 2926 ·
235 2904 256 2938 1
297 2893 357 2944 Y.
438 2889 610 2939 nimius
643 2892 821 2941 Pennus
841 2908 902 2940 ex
962 2893 1040 2941 vel
1098 2887 1456 2953 intelligendum
1516 2889 1583 2938 est
1633 2888 1691 2941 ΤΣ

158 2953 434 3019 consulatu]
500 2989 512 3001 .
534 2956 756 3013 Quintius
769 2989 785 3014 ,
799 2972 900 3005 non
964 2959 1218 3023 Quintium
1259 2987 1276 3011 ,
1334 2953 1565 3003 alterutro
1639 2970 1697 3004 ex

160 3036 295 3069 anno
313 3022 550 3085 superiore
568 3053 583 3077 ,
612 3018 691 3069 sed
708 3021 899 3068 biennio
964 3019 1203 3085 prioribus
1243 3017 1516 3066 consulibus
1560 3033 1698 3067 mor-

160 3084 275 3135 ante
301 3084 466 3133 consul
495 3078 630 3132 fuiffe
657 3099 899 3132 memora-
966 3098 1053 3132 tuo
1090 3117 1106 3141 ‚
1154 3076 1391 3132 suffeffilum
1456 3082 1702 3134 consulem

160 3161 239 3197 tus
260 3148 343 3196 est.
376 3154 540 3214 Itaque
563 3146 639 3195 vel
668 3149 741 3196 hae
762 3163 902 3197 voces
968 3144 1164 3199 tertium
1194 3143 1347 3196 fuiffe.

162 3226 224 3263 ox
257 3210 492 3281 confidam
522 3210 728 3262 delendae
758 3212 901 3275 sunt,
