2159 3725
160 337 226 385 υ.
259 375 274 389 .
379 377 391 390 .
478 321 608 384 'bus
631 341 648 382 1

162 352 268 447 δέ·
288 352 392 458 ΞΞΞ·
418 340 544 488 ξῖιιιο
564 418 734 464 antea
758 397 943 462 modo
961 445 980 475 ,
1002 398 1159 460 circa
1194 401 1556 462 munimenta
1583 445 1603 474 ‚
1637 418 1830 482 quum
1851 418 1950 461 re-

416 481 594 568 pente
619 483 951 565 Capenates
984 475 1322 563 Faliscique.
1343 477 1592 542 subsidio
1617 477 1962 554 veniffent,
1991 529 1996 533 .
2081 487 2084 528 s

414 243 568 321 452
916 215 1508 299 T.1.1v1·1·

633 318 693 382 ‘n
717 337 904 382 unum
926 315 1102 382 bellis
1138 318 1391 382 collatis,
1427 336 1684 402 namque
1721 293 1960 382 eodem5

416 556 695 625 adversus
729 577 853 622 tres
884 557 1183 623 exercitus
1220 558 1464 642 ancipiti
1498 545 1696 642 prae'lio
1761 576 1947 641 ugna-

416 660 549 705 tum
572 639 672 704 est.
710 643 867 701 Ante
900 638 1098 701 omnia
1136 636 1363 731 adjuvit
1393 638 1675 701 memoria
1741 659 1942 700 amna-

417 721 599 783 tionis
639 718 828 804 Sergii
864 722 926 781 δε
964 717 1258 800 virginii„
1292 719 1493 802 itaque
1533 725 1564 772 ‘³
1614 718 1944 799 majoribus

418 800 616 865 castris
637 847 659 875 ‚
685 798 843 864 unde
863 814 1031 861 antea
1054 796 1336 863 ceffaturn
1355 797 1549 861 fuerat
1572 844 1592 873 ,
1614 798 1786 863 brevi
1812 800 1943 881 spa-

419 882 511 944 tio
548 878 962 943 circumda&
994 878 1215 961 copiae,
1253 883 1585 962 Capenates
1621 879 1681 940 in
1716 877 1938 942 vallum

418 965 752 1025 Romanum
786 958 987 1022 versos
1011 959 1085 1019 ab
1109 976 1280 1042 tergo
1315 958 1763 1101 aqgrediuntur,
1791 957 1937 1021 Inde

422 1063 503 1126 pu
589 1062 620 1102 a
644 1055 850 1123 coepta
881 1040 943 1100 δε
976 1037 1204 1101 Faliscis
1234 1038 1363 1101 intu
1391 1058 1438 1101 tt
1464 1057 1755 1102 terrorem
1774 1086 1793 1112 ‚
1826 1055 1942 1101 tre·

421 1121 484 1204 pi
528 1122 806 1203 antesque
827 1116 1064 1201 eruptio
1090 1138 1164 1180 ex
1197 1118 1394 1182 castris
1429 1118 1767 1202 opportune
1795 1118 1943 1183 fasta

424 1201 658 1265 avertit.
699 1197 961 1291 repulsos
994 1197 1208 1261 deinde
1244 1196 1502 1282 insecuti⁸
1536 1198 1830 1276 victore&
1854 1199 1940 1259 in-

334 1317 339 1334 ‚
422 1299 666 1370 gentem
691 1277 1005 1342 ediderunt
1028 1276 1265 1343 caedern.
1303 1284 1438 1342 Nec
1477 1279 1559 1341 ita
1591 1278 1787 1342 multo
1819 1277 1943 1362 post

421 1383 538 1442 jam
574 1359 834 1446 palantes
857 1406 872 1431 ‚
899 1369 932 1411 4
951 1357 1141 1423 veluti
1174 1355 1331 1422 forte
1354 1357 1541 1421 oblati
1683 1358 1941 1422 alatores

421 1440 742 1526 Capenatis
768 1438 929 1522 agri,
969 1437 1249 1524 reliquias
1283 1458 1492 1524 pugnae
1529 1460 1562 1502 a
1606 1439 1895 1523 sumpsere
1921 1460 1941 1499 ε

421 1520 851 1585 &Veientium
875 1515 1237 1603 refugientes
1263 1517 1324 1582 in
1356 1518 1567 1583 urbem
1600 1518 1778 1584 multi
1813 1537 1944 1582 ante

423 1620 622 1696 portas
645 1599 764 1663 caefi
781 1647 801 1675 ,
821 1598 965 1662 dum
985 1621 1099 1685 prae
1122 1617 1285 1662 metu
1307 1643 1326 1677 ,
1358 1621 1432 1663 ne
1455 1599 1621 1662 fimul
1645 1603 1942 1663 Romanus

421 1703 609 1744 iri-um
656 1697 782 1743 eret
800 1725 818 1753 ,
847 1679 1097 1761 objeciis
1123 1677 1356 1746 foribus
1378 1697 1679 1744 extremos
1706 1682 1940 1750 suorum

422 1761 597 1826 exclu
625 1780 744 1822 ere.
786 1765 925 1821 Haec
957 1779 1031 1822 eo
1064 1779 1218 1822 anno
1254 1759 1398 1825 asta.

501 1845 662 1903 XIV.
709 1842 783 1900 Et
818 1837 932 1918 jam
977 1838 1220 1915 comitia
1264 1840 1639 1907 tribunorum
1685 1840 1937 1903 militum

420 1919 661 1986 aderant
679 1965 696 1993 ,
722 1939 980 2001 quorum
1004 1939 1189 2002 prope
1211 1921 1401 2002 major
1425 1922 1697 1986 Patribus
1717 1967 1737 1997 ,
1765 1922 1942 2006 quim

400 2000 565 2065 -belli
612 2020 752 2062 cura
794 2016 957 2075 erat3
1007 2000 1229 2084 quippe
1274 2022 1394 2064 non
1438 2000 1939 2069 communicatum

422 2077 610 2145 modo
651 2100 788 2141 cum
829 2077 1033 2162 plebe,
1062 2079 1160 2141 sed
1195 2102 1382 2165 prope
1416 2081 1680 2145 amilium
1704 2101 1945 2157 cernen-

420 2162 581 2226 tibus
637 2163 924 2237 summum
976 2155 1307 2244 imperium.
1361 2167 1575 2246 Itaque
1626 2161 1937 2225 clarissirnis

417 2242 565 2307 viris
604 2261 678 2303 ex
713 2238 1039 2321 composxto
1082 2241 1409 2324 praeparatis
1459 2241 1534 2304 ad
1579 2243 1943 2327 petendum,

419 2343 574 2408 quos
598 2318 984 2406 praetereundi
1005 2321 1421 2385 verecundiam
1443 2322 1757 2386 crederent
1773 2323 1938 2403 afore,

420 2401 805 2467 nihilominus
839 2397 1266 2543 ipfi‚CE)erinde
1312 2424 1379 2464 ac
1418 2401 1459 2463 si
1497 2423 1707 2466 omnes
1752 2401 1947 2464 candi-

412 2481 543 2545 dati
582 2477 763 2542 effent
800 2525 820 2556 ‚
865 2498 983 2542 cun
1078 2522 1090 2526 -
1122 2482 1493 2565 experientes
1520 2528 1542 2560 ,
1589 2502 1715 2544 non
1756 2481 1949 2545 homi-

493 2656 514 2699 3
565 2635 829 2698 Maioribus
875 2637 1068 2703 castris]
1120 2643 1153 2688 E
1217 2638 1417 2690 buiss'imt
1452 2641 1703 2709 quingenti.
1753 2640 1945 2707 Popula-

424 2703 694 2771 majoribus
720 2700 879 2752 castris
902 2721 914 2751 ι
939 2706 990 2751 ὃ(
1019 2701 1158 2752 fotfi-
1216 2717 1334 2757 tores
1368 2719 1527 2754 autern
1567 2707 1626 2754 de
1664 2706 1838 2770 quibus
1869 2704 1946 2755 hie

425 2784 509 2835 tau
543 2768 714 2818 excidit
778 2765 1026 2831 taepofitio.
1214 2773 1402 2834 agitur,
1429 2770 1542 2818 sunt
1567 2773 1801 2820 Romani.
1839 2777 1943 2819 Sen-

488 2852 522 2894 4
548 2830 705 2883 Veluti
721 2783 839 2895 [grta
857 2831 1001 2883 oblati
1019 2842 1157 2899 popu·
1217 2834 1290 2881 sus
1310 2850 1426 2898 ergo
1445 2833 1541 2882 est:
1563 2838 1824 2899 Quingenti
1848 2841 1947 2884 Ro·-

425 2897 629 2959 latores]
655 2897 917 2960 Suspe&um
936 2895 1000 2944 est
1016 2895 1157 2944 nobis
1216 2901 1350 2946 mani
1369 2933 1384 2957 ,
1419 2901 1503 2963 qui
1533 2899 1592 2947 ad
1620 2899 1945 2963 pabulantium

425 2965 475 3013 φὶ
503 2959 683 3018 veluti,
716 2964 845 3023 cuius
881 2964 1010 3009 vocis
1044 2959 1154 3008 nul·
1218 2963 1268 3013 in
1291 2977 1463 3026 agrum
1486 2968 1777 3027 Capenatem
1802 2964 1947 3012 exces-

427 3026 502 3076 lus
539 3023 617 3072 h'ic
647 3025 796 3072 sensus
829 3023 908 3072 est.
950 3022 1158 3073 Forsitan
1219 3026 1404 3086 serant,
1432 3027 1646 3091 palantes
1669 3031 1774 3091 jam
1807 3027 1943 3077 Falis-

424 3090 653 3153 scriptum
686 3085 838 3134 fuerat
868 3090 963 3134 vti
981 3106 997 3133 .·
1025 3087 1155 3153 quod
1216 3105 1299 3138 cos
1325 3091 1671 3156 Capenatesque
1690 3126 1706 3149 ‚
1730 3090 1818 3141 reli
1852 3094 1948 3140 uias

426 3151 613 3199 librarii
656 3151 946 3212 interpretati
980 3150 1154 3200 fuerint
1214 3169 1383 3217 pugnae
1400 3190 1418 3217 ,
1449 3153 1574 3206 forte
1588 3154 1759 3214 ablati
1776 3189 1796 3218 ,
1854 3156 1945 3206 ele·

424 3210 576 3262 ueluti
601 3248 619 3276 ,
671 3227 820 3281 quum
869 3213 1021 3278 legere
1068 3216 1150 3268 de·
1211 3233 1341 3270 vete.
1621 3250 1632 3261 -

1423 3414 1462 3439 ,ε
1517 3419 1644 3485 ιιι-,ς

1612 3528 1638 3548 l

2035 0 2082 456 l

2083 531 2084 588 l

2081 591 2086 644 i

2089 1735 2111 1881 ιᾼ.
