2159 3725
322 156 560 258 xxxij'
643 155 719 229 D
747 176 792 229 Ε
850 156 1560 243 ΡόΝυΕΒῐΒῑίς5

323 254 620 339 liquidum
661 250 985 337 perducere
1023 256 1186 320 haud
1230 254 1421 320 facilis
1464 273 1569 319 aut
1604 251 1857 339 perfuna'

325 334 526 398 &oriae
541 354 732 418 operae
754 332 853 396 est.
875 337 1022 398 Rem
1040 356 1158 399 non
1181 336 1556 433 indiligenter
1577 335 1857 418 expendi-

326 435 456 484 mus
493 414 557 476 in
592 413 938 505 Appendice
979 418 1044 479 de
1079 427 1212 480 AEre
1242 439 1453 501 gram,
1478 434 1553 478 ex
1592 435 1710 498 qua
1735 414 1863 477 haec
1950 415 1956 420 ’
2003 487 2019 500 4

325 481 580 579 p'aucfila
622 512 1014 578 excerpimus.

412 579 526 656 1⁰„
560 573 713 634 AEris
763 572 956 656 gravis
1005 574 1320 658 appellatio
1371 592 1501 639 tum
1556 590 1691 637 nata
1739 572 1907 647 est,·'

326 660 523 737 quum
545 648 685 715 affes
711 651 1008 716 imminuti
1036 656 1169 717 sunt
1189 702 1211 731 ‚
1245 671 1316 717 ut
1348 675 1559 738 nempe
1586 672 1764 735 grave
1790 672 1866 714 aes

324 750 740 815 ,opponeretur
772 731 912 794 huic
948 734 1174 795 recenti
1213 732 1450 800 leviori.
1493 741 1683 797 Antea
1709 732 1867 793 enim

276 816 279 819 ⁴
328 832 526 892 ¹quum
563 811 739 874 unius
775 811 1009 894 generis
1046 834 1120 875 aes
1161 811 1335 888 effer,
1364 834 1575 896 nempe
1617 811 1759 873 affes
1795 810 1869 872 li·

284 938 292 944 ·
329 889 528 955 brales
554 934 576 965 -,
613 889 855 956 minime.
881 891 1105 956 neceffe
1134 911 1258 955 erat
1284 892 1435 957 illud
1458 892 1660 977 aliquo
1698 890 1867 958 velut

307 970 699 1053 cognomine
741 969 1016 1111 infilgniri.

427 1059 524 1114 2⁰.
566 1049 800 1113 Affibus
856 1048 1195 1113 extantariis
1228 1046 1435 1124 fastiS,
1459 1070 1647 1134 quum
1673 1066 1874 1112 mane·
1922 1058 1925 1061 ’

333 1146 436 1194 ret
466 1128 669 1193 eadem
696 1129 913 1193 horum
937 1130 1135 1193 affium
1156 1176 1175 1204 ,
1206 1150 1334 1212 quae
1359 1128 1653 1193 libralium
1676 1127 1873 1190 fuerat

335 1207 418 1271 ad
455 1226 764 1291 argentum
798 1210 986 1285 ratio,
1031 1207 1241 1271 decem
1276 1208 1417 1275 affes
1445 1256 1468 1284 ,
1510 1207 1627 1273 five
1664 1208 1874 1272 decem

335 1287 468 1351 aeris
492 1334 511 1362 ‚
541 1294 608 1351 δε
635 1288 842 1352 decem
869 1288 992 1350 aeris
1014 1287 1209 1370 gravis
1230 1333 1251 1362 ‚
1280 1288 1490 1353 eodem
1516 1288 1708 1373 pretio
1735 1307 1879 1351 cen-

333 1369 660 1443 sebantur,
700 1372 760 1431 δε
784 1368 1001 1460 pariter
1026 1366 1332 1430 denarium
1366 1366 1775 1451 designabant:
1805 1371 1873 1430 δε

264 1487 273 1492 -
336 1447 662 1531 appellatio
704 1468 830 1510 aerrs
871 1447 1067 1531 gravis
1102 1492 1124 1521 ‚
1164 1446 1371 1511 recens
1408 1448 1683 1519 invdia„
1728 1452 1878 1510 tune
1924 1456 1941 1468 ·

344 1526 582 1608 tantum
615 1529 752 1591 usur
795 1527 1002 1592 abatur
1025 1572 1046 1604 ‚
1091 1526 1132 1589 fi
1163 1527 1403 1611 quando
1424 1529 1612 1592 sermo
1638 1524 1777 1591 effet
1799 1525 1879 1591 de

342 1606 652 1673 veteribus
687 1629 717 1668 a
762 1606 893 1669 rbus
919 1606 1247 1671 libralibus.

434 1698 530 1766 3⁰.
571 1684 804 1750 Affibus
843 1685 1174 1750 uncialibus
1206 1684 1377 1749 fastis
1395 1730 1416 1761 ‚
1444 1687 1511 1749 δε
1540 1685 1767 1748 mutati
1794 1685 1884 1747 as-

346 1763 493 1828 fium
530 1765 603 1828 ad
637 1763 942 1827 denarium
977 1765 1204 1828 ratione
1231 1810 1252 1839 ‚
1292 1764 1537 1827 Romani
1563 1810 1586 1840 ,
1628 1763 1884 1826 retinen-

348 1844 555 1907 tiffima
582 1843 904 1928 patriorum
939 1842 1341 1906 institutorum
1367 1843 1613 1918 civitas,
1639 1842 1881 1908 servalse

346 1925 628 1988 videntur
666 1923 967 2016 antiquam
1005 1923 1390 2007 pecuniarum
1427 1922 1885 1987 aestimandarum

345 2004 638 2068 rationem
663 2048 682 2078 ,
710 2003 771 2066 in
806 2002 878 2064 ris
912 2001 1077 2066 certe
1112 2023 1239 2086 quae
1269 2002 1507 2088 publice
1535 2001 1742 2065 fierent
1761 2051 1781 2079 ,
1810 2020 1881 2066 ut

349 2084 412 2146 in
442 2081 772 2146 aestimando
805 2082 1029 2147 civium
1058 2085 1234 2146 cen'su
1251 2128 1270 2158 ,
1299 2082 1359 2145 in
1398 2083 1741 2145 muneribus
1773 2081 1906 2146 do-

349 2162 556 2245 nisque
595 2163 1097 2228 senatusconsulto
1131 2161 1429 2240 decretis,
1456 2163 1516 2224 in
1550 2161 1883 2245 colligenda

349 2245 585 2305 tatione
601 2241 860 2327 pecuniae
876 2263 1006 2326 quae
1025 2244 1089 2304 in
1110 2241 1425 2326 triumphis
1444 2241 1699 2317 ferretur
1717 2287 1737 2314 ‚
1764 2245 1883 2304 &c.
1920 2276 1926 2281 ·

349 2325 586 2401 Igitur,
614 2343 804 2407 quum
847 2340 993 2386 tunc
1029 2323 1092 2385 in
1134 2325 1240 2385 usu
1282 2322 1604 2386 communi*
1630 2320 1886 2405 sedecim

353 2405 477 2461 aeris
505 2405 564 2463 in
595 2401 898 2464 denarium
925 2403 1355 2486 imputarentur
1376 2448 1396 2478 ‚
1423 2401 1484 2464 in
1514 2400 1768 2485 publicis
1796 2421 1884 2463 ra-

353 2481 619 2543 tionibus
659 2479 922 2543 obtinuit
965 2481 1175 2543 decem
1209 2481 1335 2544 aeris
1372 2482 1596 2564 semper
1635 2502 1744 2562 pro
1780 2480 1885 2544 de·-

353 2561 521 2621 narin
549 2559 750 2621 haberi
770 2606 790 2633 ,
812 2559 915 2621 sed
945 2559 1149 2623 addito
1164 2606 1185 2636 ,
1210 2561 1460 2623 vitandae
1488 2560 1889 2645 ambiguitatis

353 2637 529 2701 caua&
555 2684 575 2712 ,
609 2656 1009 2720 cognomento
1038 2642 1266 2721 gravis.
1302 2642 1579 2722 Tumque
1607 2659 1681 2702 aes
1708 2657 1889 2722 grave

353 2741 473 2779 non
509 2717 619 2778 fuit
662 2737 938 2781 nummus
972 2765 1011 2794 ‚,
1036 2737 1157 2781 non
1188 2717 1423 2802 pondus
1455 2717 1755 2802 quoddam
1784 2739 1932 2782 ven·-
1973 2746 1980 2750 ·

357 2821 489 2861 rum
525 2796 646 2858 :eris
669 2841 689 2872 ,
720 2797 816 2860 sed
861 2818 1091 2863 merum
1114 2804 1346 2858 'nomen
1377 2844 1398 2873 ‚
1436 2817 1593 2860 mera
1633 2797 1890 2880 appella-

357 2877 441 2938 tio
465 2905 481 2954 Ξ,
513 2875 1011 2958 quemadmodum
1058 2877 1215 2958 apud
1256 2896 1362 2939 nos
1401 2880 1623 2950 denier,
1658 2878 1891 2962 pastole,

357 2962 509 3018 liz-ff
555 2957 822 3017 Tournoii
856 3001 875 3027 ,
929 2957 1157 3039 quibus„
1183 2955 1523 3018 nominibus
1568 2954 1792 3019 utimur
1832 2957 1895 3016 in
1945 2962 1951 2968 “

361 3034 764 3118 concipiendis
786 3037 1172 3117 pecuniarum
1202 3034 1529 3099 'rationibus
1549 3078 1568 3108 ‚
1593 3035 1734 3098 licet
1762 3035 1897 3097 nul-

361 3114 563 3186 lus-eis
588 3113 926 3181 examusfim
953 3135 1135 3182 aereus
1159 3162 1177 3194 ,
1214 3131 1537 3200 „argenteus
1564 3159 1584 3193 ‚
1620 3116 1906 3182 aureusve

987 3222 1016 3249 Q
