2159 3725
45 0 71 210 l
544 157 555 242 ἴ
605 147 673 226 L
730 174 763 222 1
812 171 859 223 n
914 167 961 222 Ε
1015 169 1068 223 R
1176 147 1269 223 V.
1557 169 1614 247 q.
1617 170 1719 250 57

45 259 59 372 Ρ
175 261 422 332 toeptus
463 292 485 324 ,
540 266 800 332 eumque
845 245 1129 310 adhibere
1176 244 1399 309 tribuni
1453 246 1712 314 militum
1739 257 1975 312 theat!-

172 326 499 392 Cornelius
543 325 992 411 Postumiusque
1054 326 1130 392 ad
1181 325 1438 411 prodigii
1493 329 1709 396 Albani
1738 315 2009 396 “c·³⁹⁴·.

46 431 49 490 g
216 407 657 484 rocu‘rationem
683 428 751 470 ac
776 406 922 490 deos
961 407 1072 469 rite
1102 401 1420 491 placandos
1443 425 1714 492 coepere.

46 531 47 542 κ
170 431 622 572 {mentumque
664 489 902 552 tandem
938 486 1055 563 est,
1095 487 1201 551 ubi
1232 486 1529 580 negle&as
1553 491 1717 555 εει-ἰ..

46 569 49 574 ’
178 570 448 645 monias,
476 565 943 634 intermissumve
979 567 1214 638 solenne
1244 570 1326 632 dii
1362 587 1716 653 arguerent,

183 647 341 715 nihil
385 648 657 733 profe&o
713 649 872 713 aliud
918 646 1068 723 effe,
1116 647 1299 733 quam
1348 650 1718 733 magistratus

118 729 133 744 ⁴
180 731 337 796 vitio
365 748 599 793 creatos
621 778 639 806 ‚
682 742 703 775 ¹
736 730 1005 805 Latinas,
1025 729 1373 815 sacrumque
1395 729 1456 792 in
1484 727 1720 796 Albano
1763 769 1768 774 -

180 829 392 882 monte
427 831 550 874 non
592 812 705 875 rite
747 814 774 856 '²
821 805 1176 893 concepiffe.
1207 830 1385 873 unam
1420 811 1718 896 expiatio·-

182 912 327 956 nem
371 911 580 954 eorum
623 886 774 966 effe,
814 909 884 955 ut
920 890 1147 955 tribuni
1183 889 1442 954 militum
1482 890 1721 957 abdica·
1781 899 1819 948 ι’

180 989 320 1044 rent
357 973 415 1034 se
447 992 508 1033 m
583 970 781 1035 istratu
799 999 820 1048 3
860 969 1114 1055 auspicia
1155 968 1231 1035 de
1270 970 1506 1056 integro
1546 992 1721 1059 repe-

182 1057 459 1126 terentur
477 1097 499 1128 ‚
638 1053 1039 1137 interregnum
1064 1051 1331 1116 iniretur.
1355 1053 1436 1118 Ea
1460 1053 1540 1116 ita
1566 1052 1720 1118 fasta

183 1133 323 1197 sunt
361 1153 433 1195 ex
480 1133 1009 1211 senatusconsulto..
1036 1138 1369 1226 Interreges
1405 1152 1526 1197 tres
1551 1132 1720 1198 dein-

185 1213 333 1298 ceps
358 1210 526 1276 fuere
544 1258 565 1287 ,
592 1217 656 1274 L.
685 1210 955 1275 Valerius
976 1260 994 1288 ,
1017 1218 1109 1292 Q.
1130 1214 1412 1278 Servilius
1440 1214 1719 1292 Fidenas,

186 1302 278 1362 M.
304 1293 522 1357 Furius
561 1290 878 1356 Camillus.
922 1299 1248 1376 Nunquam
1282 1292 1532 1357 defitum
1568 1296 1720 1358 inte-
1779 1325 1785 1332 ·

187 1373 308 1437 ‘rim
341 1372 565 1436 turbari
584 1419 604 1449 ‚
641 1371 885 1435 comitia
919 1372 1432 1455 interpellantibus
1463 1374 1723 1439 tribunis

190 1445 387 1542 plebis
407 1499 427 1529 ,
469 1452 662 1515 donec
687 1449 1051 1531 convenisset
1087 1451 1248 1534 prius
1268 1499 1289 1527 ,
1315 1475 1377 1516 ut
1398 1463 1571 1527 major
1583 1472 1720 1538 pars

187 1536 543 1597 tribunorum
597 1531 846 1593 militum
908 1554 971 1594 ex
1008 1530 1173 1614 plebe
1218 1554 1518 1597 crearetur.
1568 1538 1725 1614 Quat

185 1613 339 1687 [dum
361 1609 649 1695 aguntur,
675 1608 930 1674 concilia
955 1610 1212 1674 Etruriae„
1236 1612 1312 1678 ad,
1341 1619 1557 1678 Fanum
1580 1613 1725 1678 Vol·

134 1767 139 1771 ,
188 1689 418 1770 ατιιίῃηειε
463 1690 705 1767 habitan,
732 1689 1276 1786 postulantibusque
1320 1696 1727 1779 Capenatibus

189 1795 263 1846 ac
291 1771 518 1835 Faliscis
536 1819 556 1848 ,
590 1790 661 1836 ut,
684 1771 868 1835 Veios
891 1794 1194 1840 communi
1217 1774 1413 1838 animo
1442 1776 1720 1840 confilio-

190 1874 316 1945 que
343 1874 549 1943 omnes
572 1853 815 1920 Etruria:
842 1855 1053 1943 populi
1088 1878 1162 1921 ex
1193 1854 1494 1925 obfidione
1533 1859 1726 1945 eripe„

268 2013 288 2047 1
313 2001 543 2061 Latinas]
568 2005 735 2050 Perias.
756 2007 929 2052 Earum
990 2018 1154 2055 verat:
1174 2006 1295 2055 alter
1319 2007 1523 2071 adjectus
1538 2005 1602 2054 est
1618 2004 1724 2070 post

194 2066 364 2115 unitor
378 2068 664 2128 Tarquinius
677 2068 932 2129 superbus,
991 2071 1177 2116 examitos
1209 2086 1366 2133 reges3
1388 2072 1549 2117 tertius
1568 2103 1583 2127 ,
1619 2068 1726 2132 post

237 2132 288 2177 ui
317 2128 420 2194 post
449 2129 595 2177 ifflun
621 2144 732 2177 cum
756 2132 929 2195 Latinis
991 2130 1180 2194 plebem
1201 2134 1416 2181 Patribus
1442 2134 1723 2180 reconcilia·-

224 2193 390 2252 oedus·,
425 2197 441 2246 (
466 2192 525 2241 de
542 2209 639 2257 quo
655 2191 809 2242 noster
829 2193 863 2241 1.
888 2199 927 2241 1.
992 2209 1095 2242 tam
1122 2211 1251 2245 anno
1284 2206 1394 2243 261.
1423 2210 1617 2261 quartus
1637 2196 1720 2243 de-

197 2273 246 2307 c.
274 2271 356 2315 52.
376 2268 393 2317 )
422 2260 497 2306 cui
533 2260 584 2304 ὃς
613 2259 839 2316 Hernici,
877 2259 934 2313 δε,
991 2262 1133 2323 nique
1153 2258 1254 2323 post
1276 2260 1429 2325 legem
1457 2259 1515 2307 de
1534 2258 1723 2324 plebeio

204 2322 209 2331 '
237 2322 402 2371 uidam
431 2319 458 2370 ὲ
493 2321 677 2374 Volscis
707 2322 931 2386 adscripti
991 2324 1238 2372 consulatu
1256 2323 1421 2373 laram.
1453 2328 1564 2372 Mos
1587 2339 1688 2372 erat
1705 2356 1724 2384 ,

222 2400 309 2435 unt
338 2418 356 2446 ‚
392 2400 446 2437 ut
479 2387 577 2452 ejus
608 2385 803 2436 foederis
826 2403 927 2435 me·
991 2402 1045 2443 ut
1096 2389 1305 2437 consules
1360 2405 1456 2438 non
1507 2386 1617 2438 ante
1673 2391 1725 2438 in

195 2454 360 2505 moria
416 2467 659 2519 nunquam
709 2450 929 2503 abolete·
990 2455 1258 2516 provincias
1288 2452 1723 2519 proficiscerentur,

196 2526 280 2564 tur
298 2549 315 2574 ,
343 2531 601 2567 commune
622 2519 800 2566 horum
819 2531 930 2565 om·
995 2516 1143 2581 quam
1175 2518 1261 2566 has
1292 2518 1431 2568 ferias
1453 2515 1720 2570 indixissent

198 2583 341 2628 nium
399 2583 690 2647 populorum
746 2582 932 2641 sacrum
998 2583 1050 2630 &
1078 2580 1405 2643 celebtaff'eut.

200 2643 405 2694 instituit
422 2680 443 2703 ,
461 2646 590 2713 quod
618 2649 729 2696 Jovi
759 2648 934 2695 Latiari
1155 2645 1161 2651 ’

238 2712 462 2760 ubtannis
488 2710 538 2761 in
561 2726 723 2761 monte
742 2710 935 2779 Albano
1064 2724 1093 2756 2
1132 2708 1411 2775 Concepiffe]
1449 2717 1584 2765 Nota
1614 2729 1727 2778 pro-

240 2789 357 2823 eret.
408 2780 560 2840 HuJus
590 2777 709 2824 sacri
741 2777 936 2839 pattici·
998 2777 1250 2838 prietatem
1265 2776 1418 2824 verbi.
1445 2782 1583 2826 Feriae
1598 2782 1729 2828 enim

201 2854 287 2905 pes
305 2842 440 2889 etant
458 2841 631 2905 septem
657 2841 795 2904 supra
817 2854 937 2905 qua·
1003 2841 1177 2888 Latinae
1225 2842 1494 2906 conceptiva
1540 2857 1673 2890 erant
1712 2860 1728 2891 ε

207 2904 434 2967 draginta
473 2904 638 2970 populi
676 2922 689 2952 ε
728 2906 939 2953 Romani
1001 2905 1037 2951 i.
1058 2919 1101 2952 e.
1120 2918 1218 2953 non
1239 2903 1379 2952 statos
1394 2920 1450 2954 ac
1470 2922 1620 2956 certos
1638 2908 1730 2956 ha·

246 2983 461 3016 raeetant.
500 2974 607 3017 Hoc
644 2984 792 3034 quum
823 2969 944 3018 cele·
1005 2967 1183 3017 bebant
1217 2971 1270 3017 in
1302 2984 1429 3018 asmo
1476 2987 1533 3025 ac
1576 2973 1736 3023 mense

208 2984 433 3081 gratetur
445 3066 460 3088 ‚
474 3031 538 3079 ab
555 3035 752 3087 omnixi
765 3036 820 3081 ac
836 3033 941 3082 bel·
989 3033 1102 3083 *dies
1115 3069 1132 3094 ‚
1160 3032 1237 3081 sed
1257 3039 1511 3098 quota-nmis
1524 3039 1742 3103 ageban-

210 3094 265 3148 10
321 3093 601 3149 cessabatur.
660 3100 943 3164 Tarquinius
1005 3112 1082 3147 tur
1108 3098 1168 3147 iis
1190 3097 1353 3148 diebus
1370 3134 1386 3159 ‚
1406 3103 1459 3149 in
1479 3118 1597 3168 quos
1616 3117 1735 3155 con*

176 3218 188 3222 ῃ
214 3176 366 3213 unum
400 3160 527 3211 diem
557 3166 615 3214 iis
649 3161 779 3215 feriis
809 3162 940 3214 dica·
1004 3162 1125 3234 sules
1147 3161 1428 3216 indixissent.
1721 3170 1728 3176 “

307 3231 462 3295 Tomi
489 3236 543 3297 1.
630 3270 657 3286 .
1439 3235 1498 3293 V
