2159 3725
159 218 588 365 nauffiffrb}
608 297 706 361 sua
747 315 1032 364 evocatos
1078 296 1336 361 hostium
1387 296 1608 384 templa
1653 298 1979 385 novasque

167 359 273 407 ⁸⁰⁶·
293 374 400 417 ³⁹³·
424 381 588 446 sedes
619 377 908 461 spectare,
932 380 1112 471 seque
1139 377 1415 442 ultimum
1447 377 1614 443 illum
1641 380 1803 444 diem
1833 401 1984 466 age-

424 483 490 528 re
511 488 532 540 ς
558 457 708 521 nihil
753 457 948 522 minus
984 477 1307 535 timentes,
1339 459 1521 545 quam
1559 459 1820 525 subrutis
1860 484 1981 527 cu-
2118 461 2120 520 λ

318 573 327 582 ·
425 539 633 607 niculo
679 537 988 603 moenibus
1028 559 1227 602 arcem
1272 540 1388 621 jam
1432 540 1663 624 plenam
1710 541 1979 606 hostium
2119 575 2120 582 κ

428 620 542 686 effe
566 667 588 695 ‚
626 619 687 682 in
722 640 926 683 muros
961 641 1072 703 pro
1117 621 1171 686 se
1207 621 1462 703 quisque
1502 620 1707 700 armati
1748 620 1981 686 discur-

424 718 571 770 runt
594 720 612 767 3
639 699 920 764 mirantes
948 698 1232 783 quidnam
1257 699 1317 763 id
1342 696 1482 763 effet
1498 746 1517 776 ,
1546 700 1719 785 quod
1737 750 1757 778 ,
1782 722 1978 787 quum

360 789 369 798 '
427 800 526 846 tot
563 799 669 876 pet
708 780 835 844 dies
873 801 1050 843 nemo
1092 781 1148 843 se
1185 778 1260 842 ab
1296 779 1644 843 stationibus
1691 784 1976 846 Romanis

424 859 734 937 movisset,
763 879 895 924 tum
932 859 1102 925 velut
1142 860 1452 943 repentino
1488 860 1590 923 isti
1621 859 1830 925 furore
1867 863 2006 940 im-nr

428 940 669 1029 providi
694 957 1005 1005 currerent
1033 938 1110 1002 ad
1140 960 1364 1004 muros,
1403 939 1862 1006 Inserituthuic
1889 943 1977 1005 lo-

420 1044 510 1086 ‘co
544 1019 742 1086 fabula
764 1044 779 1086 z
803 1019 1148 1083 immolante
1177 1038 1316 1103 rege
1347 1019 1733 1099 Veientium,
1760 1044 1978 1088 vocem

428 1102 618 1166 harus
651 1101 758 1164 icis
794 1099 1048 1163 dicentis
1066 1147 1085 1174 ,
1113 1100 1220 1185 qui
1242 1099 1371 1181 ejus
1399 1100 1600 1163 hostia*
1623 1120 1761 1165 exta
1786 1117 1817 1147 ²
1842 1125 1978 1190 prm

431 1182 595 1247 secui
643 1198 740 1256 et,
765 1181 819 1243 ei
855 1180 1166 1245 victoriam
1203 1179 1329 1243 dari
1349 1227 1371 1260 ,
1399 1181 1738 1245 exauditam
1774 1184 1835 1246 in
1873 1205 1980 1248 cu-

433 1262 641 1327 niculo
661 1309 679 1336 ,
711 1259 955 1327 movisse
983 1264 1279 1323 Romanos
1302 1259 1523 1324 milites
1549 1306 1568 1336 ,
1592 1280 1661 1325 ut
1691 1262 1986 1349 adaperto

436 1341 725 1407 cuniculo
763 1359 898 1404 exta
937 1358 1246 1425 raperent,
1274 1343 1336 1403 δε
1369 1341 1442 1405 ad
1475 1341 1828 1406 distatotem
1862 1343 1984 1409 fer·

439 1442 594 1487 rent.
635 1421 752 1486 Sed
777 1422 839 1484 in
864 1420 1041 1484 rebus
1073 1438 1194 1483 tam
1220 1421 1480 1505 antiquis
1502 1469 1521 1499 ‚
1550 1421 1590 1483 fi
1614 1470 1634 1497 ‚
1664 1446 1795 1508 quae
1826 1423 1986 1488 fimi-

438 1503 520 1566 {ia
555 1504 682 1569 veri
724 1504 897 1578 sunt,
930 1524 1039 1586 pro
1074 1501 1233 1566 veris
1274 1502 1678 1587 accipiantur,
1716 1504 1852 1567 satis
1884 1505 1986 1569 ha-

440 1584 638 1647 beam.
682 1583 805 1645 haec
849 1582 924 1645 ad
962 1580 1413 1645 ostentationem
1451 1584 1636 1647 scenae
1670 1585 1983 1667 gaudentis
2115 1571 2121 1670 i

442 1662 750 1727 miraculis
781 1663 1008 1747 aptiora
1030 1709 1052 1739 ,
1123 1662 1261 1725 uam
1297 1662 1370 1725 ad
1403 1662 1581 1727 fidem
1602 1708 1624 1740 ,
1658 1684 1856 1748 neque
1897 1665 1984 1730 af-

436 1742 674 1807 firmare
713 1789 732 1818 ,
782 1763 858 1807 ne
904 1763 979 1806 ue
1024 1762 1089 1807 re
1119 1742 1306 1806 ellere
1341 1765 1533 1829 operae
1576 1747 1835 1829 pretium
1877 1746 1980 1810 est.

437 1821 786 1889 cuniculus
822 1822 896 1887 de
922 1822 1069 1890 cetis
1109 1822 1401 1889 militibus
1438 1845 1515 1889 eo
1552 1842 1819 1910 tempore
1857 1826 1985 1912 ple·
2097 1809 2121 1901 i

342 1912 346 1917 '
439 1920 593 1980 nm,
619 1902 683 1984 in
723 1902 842 1966 aede
886 1904 1175 1979 Iunonis»,
1202 1922 1331 1988 quae
1373 1905 1434 1970 in
1476 1907 1797 1973 Veientana
1844 1927 1983 1972 arce

439 2002 609 2062 erat,
634 2001 891 2048 armatos
926 1983 1171 2067 tepente
1208 1983 1398 2048 edidit
1431 2006 1448 2049 t
1489 1989 1552 2051 δε
1583 2007 1714 2071 pars
1747 1989 1981 2052 aversos

437 2066 506 2131 in
533 2065 716 2131 muris
743 2065 1031 2131 invadunt
1055 2064 1254 2137 hostes
1281 2088 1301 2139 ;
1329 2086 1462 2149 pars
1497 2065 1743 2130 claustra
1772 2086 1978 2152 porta-

435 2168 575 2215 rum
618 2146 1149 2231 revellunt3pars‚
1181 2166 1369 2231 quum
1405 2167 1480 2210 ex
1519 2146 1691 2211 testis
1720 2149 1853 2212 saxa
1889 2167 1976 2213 te-

437 2228 715 2322 gulaeque
749 2225 786 2291 a
825 2226 1176 2291 mulieribus
1205 2247 1273 2293 ac
1314 2227 1565 2309 servitiis
1602 2227 1975 2308 jacerentur,

440 2307 711 2373 inferunt
732 2309 919 2393 ignes,
941 2308 1189 2371 Clamor
1207 2305 1405 2370 omnia
1429 2308 1606 2372 variis
1630 2310 1980 2373 terrentium

441 2409 516 2454 ac
568 2388 911 2474 paventium
955 2386 1212 2453 vocibus
1246 2433 1268 2463 ‚
1315 2385 1484 2451 misto
1538 2388 1861 2454 mulierum
1912 2410 1982 2454 ac

442 2486 767 2553 puerorum
790 2467 1024 2550 ploratu
1043 2512 1065 2542 ,
1093 2487 1229 2530 com
1271 2465 1373 2531 let.
1409 2470 1723 2534 Momento
1751 2487 1981 2552 tempo-

443 2548 529 2615 ris
558 2545 801 2629 dejeetis
826 2567 900 2612 ex
926 2568 1102 2615 muro
1138 2567 1220 2614 un
1263 2547 1403 2635 ique
1433 2549 1672 2614 armatis
1691 2597 1712 2628 ‚
1757 2548 1981 2637 patefaq

2118 355 2120 396 ἲ

2119 2418 2120 2509 ᾼᾼ
2103 2280 2121 2377 ,ΔᾼΛ

443 2692 482 2745 1-
504 2697 594 2741 111.
622 2698 804 2743 saturn.
834 2709 882 2745 c.
911 2709 960 2751 9.
990 2708 1181 2749 morem
1244 2693 1407 2754 aut,fi
1426 2692 1608 2761 postet,
1625 2694 1758 2749 nefas
1777 2695 1978 2747 astima⁴

444 2762 783 2809 Romanorum
839 2774 1094 2809 arcanum.
1128 2763 1180 2815 δι
1246 2775 1347 2810 tent
1382 2760 1493 2811 deos
1536 2759 1712 2811 habete
1748 2765 1975 2826 captivos·

447 2823 613 2872 multis
642 2827 860 2888 ignotum
890 2820 1025 2872 fuiffe
1040 2859 1057 2884 ‚
1090 2838 1143 2874 ut
1162 2859 1177 2884 ,
1244 2824 1536 2876 Numinibus
1557 2838 1717 2874 autem
1739 2828 1977 2887 evocatis,

485 2902 601 2935 uum
619 2887 881 2953 obsiderent
898 2889 1065 2937 urbem
1085 2890 1178 2938 ho·
1244 2890 1381 2938 urbes
1416 2890 1734 2955 exercitusque
1773 2889 1979 2941 hostium

493 2954 595 3001 ium
621 2987 638 3011 ,
678 2969 873 3019 eamque
920 2955 1022 3018 jam
1074 2956 1180 3018 capi
1245 2953 1560 3007 devovebant..

446 3012 577 3083 posse
594 3015 877 3066 confiderent
893 3053 908 3076 ,
925 3032 1056 3068 certo
1072 3034 1180 3068 car·
1309 3035 1335 3066 2
1393 3016 1710 3083 Proseau‘ffet]
1768 3018 1981 3069 Verbum

444 3082 577 3130 mine
647 3095 897 3130 evocarent
963 3082 1181 3132 tutelares
1245 3080 1588 3141 sacrificiorum
1664 3085 1877 3146 roprium
1896 3102 1908 3130 ε
1925 3086 1982 3131 in

446 3143 561 3191 debs
579 3162 591 3191 ε
610 3142 741 3208 quod
755 3161 837 3193 aut
852 3145 989 3193 aliter
1009 3147 1180 3196 urbem
1242 3149 1414 3264 puibus
1432 3162 1539 3213 exta
1561 3149 1611 3195 vi
1661 3149 1867 3195 ‘marum
1888 3145 1984 3194 dis-

446 3211 553 3275 παρά
593 3205 727 3275 pnffe
762 3224 865 3261 noa
896 3209 1138 3263 crederent
1156 3246 1175 3274 ,
1264 3213 1363 3264 oeta
1382 3214 1477 3264 aris
1500 3211 1891 3283 isnponebantur.
