2159 3725
254 277 348 323 ‚eq

254 325 350 384 Cu

456 167 619 257 '504
948 157 1039 237 T.
1140 155 1208 233 L
1254 183 1288 232 1
1334 181 1390 233 v
1437 183 1469 232 1
1514 179 1552 234 1

358 275 432 318 σε.
464 260 672 343 ingens
722 254 1019 333 caritatis,
1058 277 1249 340 quum
1296 258 1354 319 se
1379 257 1643 345 ‘quisque
1686 256 1853 323 νίἃυ
1891 257 2022 321 ἴαν

358 327 437 384 ⁸⁷·
460 338 737 404 fraudans
793 384 814 415 ,
864 336 1198 401 detrastum
1263 339 1506 431 corpori
1565 356 1744 423 atque
1803 338 2007 402 ufibus

461 417 791 483 neceffariis
831 416 905 481 ad
945 416 1242 482 honorem
1291 437 1469 481 umus
1514 418 1629 481 viri
1671 419 2004 483 conferret.

456 505 617 566 ‘rum
640 493 850 583 vigiles
870 497 998 580 ejus
1024 498 1168 574 loci,
1181 496 1302 586 qui
1326 495 1620 562 fefellerat
1642 499 2009 563 adscendens

458 579 644 644 hostis
664 625 689 656 ,
723 579 920 642 citati:
954 582 1019 643 δι
1038 600 1229 666 quum
1259 578 1322 641 in
1341 598 1549 642 omnes
1569 600 1735 644 more
1756 580 2006 644 militari

459 661 521 725 se
542 660 1082 725 animadversurum
1111 662 1195 738 Q.
1235 657 1537 743 Sulpicius
1556 661 1836 724 tribunus
1852 660 2008 724 mili-

460 759 594 805 tum
626 739 1097 825 pronunciass‘et3
1126 739 1532 803 consentiente
1557 744 1819 805 elamore
1845 740 2004 805 mili·

462 838 596 885 tum
618 865 635 886 ,
670 823 731 884 in
768 842 954 885 unum
974 819 1218 905 vigilem
1253 819 1704 901 conjicientiu'm
1729 821 1826 885 cul
1870 841 2007 901 am,
2088 833 2106 847 ·

460 901 817 977 deterritus,
854 899 887 965 ὲ
911 901 1128 966 ceteris
1165 899 1470 965 abstinuit:
1510 921 1679 965 reum
1702 901 1818 965 hau
1882 901 2004 966 du-

460 982 631 1047 biu'm
676 982 804 1073 ejus
842 1002 1009 1045 noxae
1030 1027 1051 1056 ,
1092 979 1560 1066 approbantibus
1601 982 1833 1047 cunetis
1861 1027 1880 1059 ,
1923 982 2004 1046 de
2099 1047 2107 1068 ὁ

463 1064 602 1126 saxo
621 1061 859 1145 dejecit.
881 1062 1026 1127 Inde
1050 1060 1399 1144 intentiores
1424 1061 1772 1147 utriumque
1806 1063 2004 1128 custo-

462 1142 571 1206 diae
606 1141 718 1207 else
743 1190 763 1217 ‚
800 1145 863 1205 δι
904 1141 1059 1230 apud
1095 1140 1304 1205 Gallos
1322 1188 1343 1218 ‚
1367 1141 1509 1226 quia
1534 1142 1852 1227 vulgatum
1874 1159 2001 1207 erat

463 1223 620 1287 inter
650 1223 836 1288 Veios
858 1226 1228 1309 Romamque
1261 1222 1514 1286 nuncios
1539 1241 1875 1288 commeare
1896 1226 1998 1300 5&

465 1303 622 1390 apud
646 1307 944 1368 Romanos
964 1352 983 1381 ,
1013 1304 1088 1367 ab
1118 1302 1670 1446 noeturniogericuli
1693 1305 2001 1374 memoria.

546 1389 821 1450 vam.
854 1384 969 1449 Sed
994 1403 1130 1447 ante
1161 1383 1358 1447 omnia
1463 1379 1701 1448 fidionis
1729 1383 2000 1470 bellique

377 1464 414 1507 ⁶·
466 1466 618 1530 mala
649 1515 668 1544 ,
713 1478 734 1511 ¹
774 1463 961 1530 fames
999 1465 1304 1551 utrimque
1341 1464 1671 1528 exercitum
1704 1466 1960 1556 urgebat
1973 1493 1996 1543 3
2095 1537 2106 1546 ,

468 1545 677 1612 Gallos
714 1545 1039 1633 pestilentia
1087 1546 1264 1609 etiam
1294 1590 1316 1622 ,
1359 1566 1547 1629 quum
1585 1544 1727 1609 loco
1762 1562 2001 1627 jacente
2058 1596 2102 1608 ..

466 1627 621 1692 inter
657 1626 922 1694 tumulos
956 1625 1136 1691 castra
1171 1625 1496 1699 habentes,
1525 1643 1654 1690 tum
1682 1625 1755 1689 ab
1792 1626 1999 1691 incen-
2040 1669 2044 1674 -
2103 1651 2106 1672 ³

463 1707 579 1772 diis
598 1707 826 1771 torrido
845 1711 908 1772 &
924 1707 1162 1792 vaporis
1186 1705 1362 1790 pleno
1381 1751 1403 1781 ,
1430 1705 1811 1791 cineremque
1830 1755 1849 1783 ‚
1873 1727 1999 1771 non

463 1787 771 1873 pulverem
796 1787 980 1850 modo
1007 1787 1237 1850 ferente
1258 1834 1275 1859 ‚
1302 1807 1491 1870 quum
1514 1787 1658 1871 quid
1677 1788 1843 1851 venti
1870 1807 1999 1852 mo-

464 1886 594 1931 tum
630 1866 787 1930 esset.
820 1888 1080 1954 quorum
1115 1866 1610 1932 intolerantissima
1690 1888 1831 1944 ens,
1876 1868 2001 1934 hu·
2073 1910 2087 1921 -

464 1946 740 2033 morique
773 1969 842 2012 ac
879 1946 1090 2033 frigori
1126 1943 1587 2033 allucta,quum
1708 1968 1748 2012 u
1783 1946 1848 2012 δι
1889 1972 1992 2014 an-

461 2042 609 2115 gore
642 2030 880 2106 vexati,
906 2028 1165 2115 vulgatis
1196 2028 1363 2093 velut
1403 2029 1463 2093 in
1577 2050 1690 2092 cua
1723 2029 1992 2110 morbis,

464 2129 835 2176 morerentur
855 2138 881 2188 3
903 2110 1016 2189 jam
1054 2109 1289 2195 pigritia
1336 2106 1499 2193 fingu
1526 2129 1595 2173 os
1632 2109 1994 2193 sepeliendi,

507 2192 796 2256 romiscue
835 2209 1140 2256 acervatos
1183 2188 1458 2254 cumulos
1503 2188 1816 2255 hominum
1854 2213 1994 2256 ure-

458 2214 605 2336 gant
637 2319 659 2349 ,
698 2271 1000 2340 bustorum
1049 2291 1122 2335 ue
1159 2270 1294 2335 inde
1336 2268 1705 2335 Gallicorum
1751 2274 1993 2343 nomine
2093 2274 2094 2283 ’

457 2354 742 2438 infignem
782 2352 984 2416 locum
1049 2372 1240 2415 ecere.
1298 2349 1559 2414 Induciae
1599 2351 1811 2419 deinde
1847 2374 1992 2417 cum

459 2433 742 2497 Romanis
764 2431 960 2507 fastae,
989 2437 1049 2498 δι
1087 2430 1390 2514 colloquia
1425 2431 1700 2515 permiss'u
1732 2432 1991 2518 impeta·
2061 2478 2072 2491 .

459 2530 663 2578 torum
683 2512 884 2576 habita
904 2535 920 2577 z
940 2513 999 2576 in
1023 2512 1244 2597 quibus
1265 2531 1453 2595 quum
1476 2510 1803 2575 identidem
1826 2514 1992 2580 Galli

459 2588 679 2657 famem
725 2592 1053 2679 objicerent
1077 2638 1097 2670 ‚
1129 2591 1319 2678 eique
1349 2590 1683 2656 necestitate
1714 2590 1790 2656 ad
1824 2594 1992 2659 dedi-

460 2674 690 2738 tionem
712 2692 1034 2752 vocarent3
1063 2672 1284 2738 dicitur
1305 2717 1325 2748 ‚
1353 2673 1681 2737 avertendae
1703 2673 1832 2754 ejus
1857 2697 1899 2738 o
1941 2674 1993 2737 i-

458 2755 656 2820 nionis
689 2753 908 2830 causi,
946 2752 1151 2818 multis
1181 2753 1328 2819 locis
1361 2753 1527 2848 panis
1565 2754 1641 2816 de
1680 2698 1992 2839 Capitolio

454 2834 703 2919 jastatus
738 2834 848 2899 effe
880 2835 939 2897 in
972 2832 1229 2899 hostium
1254 2834 1550 2897 stationes,
1592 2832 1708 2897 Sed
1733 2832 1850 2913 jam
1885 2858 1989 2901 ne·
2061 2904 2072 2917 ,

457 2936 578 3000 que
616 2915 993 2991 diffirnulari,
1035 2937 1109 2978 ne
1156 2936 1232 2978 ue
1274 2911 1415 2977 ferri
1457 2912 1614 2979 ultr}
1651 2911 1841 2999 fames
1880 2940 1988 3000 po-

457 3012 630 3060 terat.
657 3000 867 3081 Itaque
891 2994 1123 3061 dumdi
1185 3014 1312 3060 ator
1335 2992 1763 3080 delatum-per
1788 2999 1847 3062 se
1873 2995 1992 3062 Ar·'

520 3183 541 3220 ι
573 3173 732 3224 Fames
761 3172 985 3243 utrimque
1008 3176 1291 3241 exercitum]
1315 3166 1539 3236 'Placetet
1552 3174 1708 3244 magis
1735 3187 1992 3308 mane.

1920 3260 1999 3307 ΕΖ
