2159 3725
162 340 275 391 ue.
381 380 393 393 .
419 325 610 388 tribus
634 344 649 384 ι

162 404 270 449 *Ἐ-
290 354 393 460 3⁵5³}-
420 426 546 489 quo
567 421 736 467 antea
760 401 944 464 modo
963 447 982 478 ‚
1005 401 1162 463 circa
1195 403 1557 465 munimenta
1583 448 1603 478 ‚
1637 422 1830 485 quum
1851 420 1958 464 re·

415 246 570 324 452
918 217 1510 302 T.L1v1·1·

635 320 695 385 'n
719 323 906 384 un'um
928 317 1104 384 bellis
1140 321 1392 385 collatis.
1428 339 1684 405 namque
1721 295 1966 384 cedens

417 483 596 570 pente
620 485 967 567 Capenates,
986 475 1324 566 Faliscique.
1346 480 1913 559 subfidieyeniss‘ent
1923 525 1968 558 ,‚

418 559 697 627 adversus
731 579 855 624 tres
886 560 1186 626 exercitus
1223 560 1696 646 ancipiti-praelio
1763 579 1954 643 agna-

419 661 550 707 tum
574 641 675 706 est.
711 645 870 703 Ante
901 640 1101 704 omnia
1139 639 1365 733 adjuvit
1394 641 1676 704 memoria
1741 662 1948 703 amna-

418 723 601 786 tionis
641 721 828 806 Sergii
866 724 928 784 &
966 720 1260 803 virginii„
1293 722 1494 805 itaque
1533 729 1564 774 ‘3
1615 720 1948 802 majoribus

419 802 618 867 eastris
641 849 660 878 ‚
687 800 844 866 unde
866 817 1033 863 antea
1056 798 1338 865 cessatum
1357 799 1550 864 fuerat
1573 845 1592 876 ,
1615 801 1786 866 brevi
1812 803 1947 884 spa-

420 884 512 946 tio
550 880 964 945 circumdustae
996 881 1217 965 copiae,
1254 886 1587 965 Capenates
1621 882 1680 943 in
1717 879 1942 945 vallum

418 966 753 1028 Romanum
788 961 988 1023 versos
1013 962 1088 1023 ab
1112 979 1281 1045 tergo
1316 984 1346 1023 a
1389 960 1764 1053 grediuntun
1793 960 1941 1024 Inde

422 1063 505 1128 pu
550 1064 623 1105 na
648 1057 852 1125 coepta
883 1042 945 1103 δε
978 1039 1205 1104 Faliscis
1234 1041 1364 1104 intu
1392 1061 1439 1103 it
1466 1059 1755 1105 terrorem
1775 1089 1793 1115 ,
1826 1059 1947 1103 tre-

422 1123 485 1206 pi
529 1125 805 1205 amesque
830 1119 1066 1203 eruptio
1092 1141 1165 1183 ex
1197 1122 1395 1185 castris
1430 1120 1768 1213 opportune
1797 1121 1946 1186 facta

425 1203 660 1266 avertit.
702 1199 963 1293 repulsos
995 1199 1209 1263 deinde
1244 1201 1503 1284 insecuti⁸
1536 1201 1831 1279 victores,
1856 1202 1943 1263 in-

335 1281 355 1334 s
422 1300 667 1372 gentem
693 1280 1006 1344 ediderunt
1029 1279 1266 1346 caedem.
1303 1287 1439 1345 Nec
1476 1282 1560 1344 ita
1592 1282 1789 1345 multo
1820 1280 1947 1365 post

422 1384 538 1444 jam
576 1362 836 1447 palantes
859 1409 873 1434 ‚
901 1372 933 1414 4
953 1360 1142 1426 veluti
1176 1358 1332 1425 forte
1355 1361 1540 1424 oblati
1684 1362 1944 1425 uiatores

422 1442 744 1528 Capenatis
770 1440 931 1524 agri,
971 1440 1251 1526 reliquias
1284 1461 1492 1527 pugnae
1530 1463 1562 1505 a
1606 1443 1898 1525 sumpsere
1925 1463 1944 1502 ε

422 1522 853 1588 &Veientium
874 1517 1239 1606 refugientes
1264 1521 1325 1585 in
1357 1522 1568 1586 urbem
1601 1522 1778 1586 multi
1815 1540 1948 1586 ante

423 1622 623 1699 portas
645 1601 766 1665 caefi
783 1649 804 1677 ‚
823 1600 967 1666 dum
986 1623 1101 1686 prae
1124 1620 1287 1664 metu
1306 1647 1328 1679 ,
1360 1624 1432 1666 ne
1456 1602 1622 1665 fimul
1646 1606 1944 1666 Romanus

421 1706 611 1746 mum
658 1700 782 1746 eret
801 1728 819 1756 ,
849 1681 1099 1763 objectis
1125 1679 1357 1750 foribus
1380 1700 1679 1747 extremos
1706 1685 1942 1747 suorum

422 1764 597 1828 exclu
626 1782 746 1824 ere.
787 1768 926 1823 Haec
959 1782 1034 1824 eo
1065 1780 1219 1824 anno
1254 1762 1400 1827 acta.

501 1847 662 1906 XIV.
710 1844 784 1902 Et
819 1839 934 1920 jam
978 1839 1221 1917 comitia
1265 1842 1640 1909 tribunorum
1685 1843 1939 1906 militum

420 1923 662 1989 aderant
679 1967 696 1996 ,
722 1938 981 2003 quorum
1004 1941 1190 2004 prope
1212 1922 1403 2004 major
1426 1925 1697 1988 Patribus
1716 1969 1736 1998 ,
1764 1924 1945 2008 quaim

400 2003 564 2067 *belli
611 2023 752 2064 cura
795 2017 957 2077 erat3
1007 2001 1230 2086 quippe
1275 2024 1395 2066 non
1438 2002 1942 2071 communicatum

422 2080 609 2147 modi>
650 2103 788 2144 cum
828 2080 1033 2165 plebe,
1062 2081 1161 2143 sed
1196 2104 1382 2167 prope
1417 2083 1680 2147 amilium
1704 2104 1948 2159 cernen-

419 2164 581 2227 tibus
636 2166 924 2241 summum
977 2158 1308 2246 imperium.
1363 2169 1575 2248 ltaque
1626 2163 1940 2226 clariffimis

416 2244 566 2310 viris
604 2264 677 2306 ex
713 2240 1039 2324 composito
1082 2242 1410 2326 praeparatis
1460 2243 1534 2307 ad
1578 2244 1944 2328 petendum,

419 2345 574 2410 quos
597 2320 984 2408 praetereundi
1005 2323 1422 2388 verecundiam
1443 2323 1757 2387 crederent
1779 2325 1938 2400 fore,

420 2402 805 2467 nihilominus
839 2400 975 2484 ipfi,
1065 2402 1267 2465 erinde
1312 2425 1380 2467 ac
1418 2403 1459 2465 fi
1498 2425 1707 2468 omnes
1750 2403 1946 2467 candi-

412 2483 543 2548 dati
582 2479 762 2544 essent
799 2527 819 2558 ‚
866 2501 984 2544 cun
1046 2505 1090 2545 ει,
1123 2485 1491 2568 experientes
1520 2531 1543 2562 ‚
1588 2504 1714 2547 non
1755 2483 1947 2548 homi-

493 2657 515 2701 3
564 2638 828 2700 Maioribus
874 2640 1067 2705 castris]
1120 2646 1153 2691 E
1216 2641 1417 2692 buiss'ent
1451 2643 1703 2711 quingenti.
1752 2643 1942 2711 Popula·

424 2705 694 2773 majoribus
719 2703 879 2753 castris
903 2724 914 2753 ε
939 2709 989 2754 &
1018 2704 1158 2755 fotfi-
1216 2720 1333 2761 tores
1368 2722 1526 2756 autem
1567 2709 1625 2756 de
1664 2709 1837 2774 quibus
1868 2706 1942 2757 hic

425 2786 509 2821 tan
543 2769 714 2820 excidit
777 2767 1026 2834 raepofitio.
1213 2776 1402 2837 agitur,
1429 2773 1542 2820 sunt
1567 2776 1800 2823 Romani.
1838 2779 1940 2821 sen-

488 2854 522 2896 4
548 2832 706 2885 Veluti
721 2785 839 2896 lgr-t?
857 2833 1001 2883 oblati
1019 2845 1156 2901 popu·
1217 2836 1289 2884 sus
1309 2852 1425 2901 ergo
1445 2835 1540 2885 est:
1562 2840 1824 2901 Quingenti
1847 2843 1943 2887 Ro·-

425 2898 629 2961 latores]
656 2898 917 2961 suspectum
936 2897 1001 2946 est
1016 2898 1156 2947 nobis
1215 2903 1349 2948 mani
1368 2935 1384 2960 ‚
1418 2903 1501 2964 qui
1532 2901 1592 2949 ad
1620 2901 1942 2966 pabulandum

425 2967 475 3015 «ὃ
503 2961 652 3011 veluti
669 3000 683 3020 ,
716 2965 846 3025 cujus
881 2966 1010 3012 vocis
1044 2962 1153 3010 nul·
1217 2965 1268 3015 iti
1290 2979 1462 3028 agrum
1486 2969 1777 3030 Capenatem
1801 2966 1944 3014 exces-

427 3027 502 3077 lus
538 3025 617 3074 hic
646 3026 796 3074 sensus
830 3025 908 3074 est.
950 3024 1159 3075 Forfitan
1219 3028 1403 3088 serant,
1431 3028 1646 3093 palantes
1667 3033 1773 3093 jam
1806 3029 1940 3078 Falis-

424 3092 653 3157 scriptum
685 3087 838 3137 fuerat
868 3091 963 3137 vti
982 3108 997 3135 .-
1026 3090 1155 3155 quod
1217 3106 1299 3140 cos
1325 3093 1671 3159 Capenatesque
1689 3128 1705 3152 ,
1729 3091 1816 3143 teli
1850 3097 1946 3142 uias

418 3153 614 3203 librarii
657 3153 947 3216 interpretati
981 3153 1155 3203 fuerint
1215 3171 1382 3220 pugnae
1400 3192 1417 3220 ,
1448 3155 1574 3208 forte
1587 3156 1757 3217 oblati
1774 3191 1794 3220 ,
1852 3158 1945 3209 el:-

425 3215 577 3267 *εἰκῆ
600 3252 620 3281 ,
672 3230 821 3285 quum
870 3216 1022 3281 legere
1069 3218 1151 3271 de·
1211 3235 1341 3272 vere.
1621 3252 1632 3265 .

1423 3416 1462 3441 ‚3
1517 3398 1658 3489 ..h—..z'

1611 3530 1636 3551 l
