2159 3725
611 214 678 288 L
730 236 763 286 1
814 234 862 286 n
917 234 964 287 Ε
1018 215 1070 288 it
1178 205 1271 289 V.
1550 235 1647 313 43
1667 235 1702 290 r

178 309 453 376 Valerius
487 312 728 376 Potitus
760 309 1044 387 tertium,
1069 313 1185 395 Ap.
1220 307 1514 375 Claudius
1537 314 1712 376 Cras·
1738 335 1966 389 usam

42 417 45 434 ν
172 394 318 468 sus,
356 400 440 460 Μ,
495 391 836 473 Quintilius
869 398 1064 455 Varus
1098 436 1120 466 ,
1163 395 1226 454 L.
1269 390 1472 455 Julius·
1507 391 1714 470 Iulus,
1735 394 1972 448 ²·C·400·

76 485 83 490 ‘
173 476 263 534 Μ.
288 472 660 551 Postumius,
687 477 776 536 M.
805 472 1012 538 Furius
1034 469 1330 556 Camillus
1349 519 1369 549 ‚
1394 477 1479 536 M.
1508 472 1718 536 Postu-

172 552 335 617 mius
383 554 658 619 Albinus.
713 551 999 616 Veientes
1039 551 1256 615 contra
1298 553 1475 617 medio
1512 573 1716 617 annuae
1774 567 1969 614 Veientes

171 631 519 697 ambitionis
537 680 559 712 ‚
593 654 724 719 qua·
754 633 1058 698 interdum
1087 632 1516 698 discordiarum
1545 635 1716 698 causa
1734 640 1879 728 :⁸5:⁸⁵5
1965 651 1972 656 ·

169 730 307 776 erat
326 760 345 787 ‚
371 733 572 798 regem
606 734 902 779 creavere.
944 711 1222 803 Offendit
1251 734 1323 778 ea
1347 735 1439 778 res
1463 714 1718 799 populo-
1757 699 1778 728 '
1829 698 1856 729 ⁸⁸
1878 714 1898 736 ‘

172 814 313 857 rum
349 795 592 859 Etruriae
621 796 851 859 animos
884 840 904 870 ‚
949 814 1071 856 non
1106 813 1329 875 majore
1365 794 1510 858 odio
1549 794 1722 878 regni

223 873 361 949 uam
401 875 577 961 ipfius
610 876 785 959 regis.
831 873 1049 940 Gravis
1090 873 1207 957 jam
1246 875 1298 937 is
1323 894 1511 937 ·antea
1594 873 1726 938 enti

171 891 377 1018 {ierat
398 956 619 1041 opibus
637 955 1065 1042 superbiaque,
1096 954 1236 1040 quia
1263 953 1523 1020 solennia
1548 893 1728 1020 fudo-

174 1055 354 1108 rum‚
380 1057 536 1120 quos
569 1037 884 1101 intermitti
925 1036 1093 1100 nefas
1120 1034 1245 1110 est,
1285 1036 1585 1102 violenter
1623 1035 1728 1099 di„

174 1113 435 1178 temiffet
458 1136 474 1178 ε
500 1138 690 1202 quum
728 1117 810 1179 ob
842 1119 987 1182 iram
1019 1116 1298 1209 repulsae,
1321 1116 1492 1202 quod
1524 1116 1726 1180 suffra-

172 1195 286 1338 ἓίο
308 1194 631 1260 duodecim
653 1196 1012 1282 populorum
1031 1197 1186 1259 alius
1214 1197 1482 1260 sacerdos
1506 1198 1561 1259 ei
1588 1218 1727 1281 prae·

236 1294 336 1338 tus
360 1277 501 1342 effer
522 1324 540 1352 ‚
570 1289 601 1322 ²
627 1277 885 1340 artifices
902 1324 921 1353 ,
997 1297 1214 1341 uorum
1239 1295 1448 1359 magna
1472 1298 1604 1361 pars
1635 1278 1728 1360 ip-

173 1354 296 1418 fius
322 1356 470 1422 servi
500 1374 706 1431 erant,
745 1377 819 1421 ex
849 1376 943 1418 me
1008 1355 1312 1418 oludicro
1345 1357 1588 1438 repente
1614 1358 1725 1418 ab⁴

114 1456 131 1461 ”
177 1435 373 1499 duxit.
423 1440 588 1498 Gens
621 1436 823 1519 itaque
859 1453 996 1498 ante
1028 1454 1237 1496 omnes
1274 1434 1414 1498 alias
1435 1456 1511 1498 eo
1538 1437 1727 1520 magis

146 1515 386 1583 dedita
422 1513 810 1598 religionibus
832 1560 852 1590 ‚
892 1512 1064 1597 quod
1101 1513 1423 1577 excelleret
1459 1533 1581 1578 arte
1615 1536 1727 1579 co·-

174 1594 348 1659 lendi
401 1614 499 1656 eas
531 1640 552 1669 ,
602 1593 886 1657 auxilium
939 1592 1297 1657 Veientibus
1347 1595 1726 1673 negandum,

176 1677 383 1739 donec
417 1675 524 1738 sub
561 1692 699 1758 rege
730 1673 948 1750 essent,
974 1673 1264 1739 decrevit.
1295 1674 1467 1756 cujus
1495 1677 1726 1742 decreti

170 1753 475 1840 suppressa
507 1753 659 1818 fama
693 1755 776 1819 est
801 1755 966 1819 Veiis
1000 1771 1248 1840 propter
1280 1773 1506 1820 metum
1531 1758 1719 1841 regis3

231 1837 294 1901 ui
319 1883 338 1911 ‚
365 1836 398 1899 a
439 1857 563 1922 quo
603 1833 719 1901 tale
759 1835 908 1922 quid
944 1834 1171 1901 distum
1209 1834 1531 1903 referretur
1554 1888 1572 1916 ‚
1614 1861 1726 1924 pro

206 1916 490 1983 editionis
526 1939 664 1983 eum
700 1918 964 2004 principe
988 1965 1011 1994 ‚
1040 1938 1165 1982 non
1207 1930 1230 1973 ³
1274 1919 1411 1985 vani
1444 1921 1728 1986 sermonis

180 1997 426 2061 auctore
472 1998 745 2061 habebat.
796 1999 1076 2061 Romanis
1117 1997 1222 2061 etfi
1264 2000 1481 2082 quietae
1516 2021 1610 2063 res
1648 2020 1727 2064 ex

183 2079 425 2142 Etruria
462 2078 937 2149 nunciabantur,
977 2094 1177 2138 tamen
1206 2122 1227 2150 ,
1267 2079 1409 2160 quia
1448 2079 1729 2142 omnibus

184 2158 460 2222 conciliis
493 2167 625 2223 eain
665 2176 790 2217 rem
827 2155 1034 2239 agitari
1061 2154 1448 2232 afferebatur,
1481 2157 1562 2219 ita
1597 2178 1730 2221 mu·-

188 2239 430 2302 niebant
452 2284 472 2313 ‚
509 2254 578 2301 ut
605 2234 885 2321 ancipitia
913 2234 1275 2298 munimenta
1301 2234 1501 2297 essent.
1529 2236 1638 2298 alia
1666 2237 1729 2299 in

187 2318 403 2382 urbem
437 2322 500 2381 δε
531 2334 737 2380 contra
762 2315 1195 2399 oppidanorum
1215 2316 1562 2399 eruptiones
1594 2337 1729 2381 ver·-

184 2400 285 2461 sa:
316 2410 348 2452 4
377 2397 505 2462 aliis
536 2395 704 2460 frons
733 2397 795 2458 in
828 2397 1123 2460 Etruriam
1159 2398 1193 2458 s
1258 2396 1417 2460 Stans
1450 2396 1683 2468 auxiliis
1705 2434 1730 2475 ‚

185 2472 231 2543 fi
299 2499 377 2542 ua
400 2476 561 2542 forte
587 2478 732 2541 inde-
748 2476 1056 2553 venirent,
1093 2477 1174 2540 ob
1223 2477 1520 2542 ruebatur.
1741 2504 1744 2507 ·

256 2501 352 2623 31.
395 2562 610 2638 Quum
646 2560 772 2642 spes
810 2557 995 2640 major
1029 2559 1483 2642 imperatoribus
1512 2563 1729 2624 Roma·
1768 2573 1982 2621 fabem.

187 2637 287 2705 nis
313 2638 374 2700 in
409 2639 710 2703 obsidione
746 2636 928 2722 quam
969 2638 1031 2700 in
1070 2635 1514 2724 oppugnatione
1548 2632 1838 2729 effet,{;¹‘.‘
1877 2636 1937 2676 ⁴⁴¹

189 2718 580 2783 hibernacula
616 2718 794 2781 etiam
824 2765 845 2794 ,
890 2738 983 2780 res
1019 2738 1176 2783 nova
1207 2720 1384 2781 militi
1425 2723 1728 2796 Romano,
1790 2704 1924 2746 ‘’⁰³'‘

188 2798 466 2863 aedificari
497 2816 742 2885 coepta:
767 2797 1194 2883 confiliumque
1219 2816 1346 2863 erat
1362 2843 1383 2876 ,
1408 2798 1750 2862 hiemando-

258 2976 286 3008 2
349 2959 616 3023 Artifices]
681 2961 892 3009 Sceuicos
913 2979 927 3010 ε
995 2976 1126 3010 mere
1141 2976 1202 3009 ac
1215 2958 1311 3009 fine
1333 2956 1530 3010 consilio
1546 2962 1724 3025 jadiatb

195 3040 280 3078 eos
301 3029 383 3090 qui
408 3025 599 3074 ludicris
618 3025 798 3073 artibus
816 3041 930 3090 oper
1053 3041 1088 3084 4
1114 3023 1295 3088 Aliis]
1329 3029 1414 3074 Per
1439 3026 1536 3075 alia
1564 3030 1723 3076 muni·-

196 3105 308 3140 ram
347 3088 526 3138 dabant
541 3123 558 3148 ,
588 3087 701 3153 puta
736 3087 930 3138 histrio·
993 3102 1154 3139 menta
1168 3087 1297 3151 fiens
1316 3090 1365 3138 in
1382 3091 1613 3140 Etruriam
1629 3090 1725 3157 spe·-

197 3169 281 3205 nes
300 3188 316 3213 ,
355 3153 566 3201 tibicines
584 3187 600 3212 ,
636 3153 735 3201 &cl
994 3151 1132 3201 Hans
1163 3151 1465 3220 obstruebatur
1504 3152 1723 3209 adversus

223 3234 268 3284 5
291 3218 455 3280 Vani]
476 3214 808 3271 Inconiidcrati
819 3252 838 3282 ,
858 3231 927 3270 te-
994 3217 1190 3269 auxilia.
1655 3250 1660 3255 -
