2159 3725
48 111 87 136 λ

370 276 375 280 .
627 201 691 278 L
741 223 771 280 1
826 226 873 280 B
928 224 978 278 ε
1034 225 1088 279 R
1183 201 1282 280 V.
1561 212 1726 305 449*

46 255 81 366 l*
188 313 526 386 trinamque
555 303 899 380 accusante3
927 300 1200 394 virginio
1225 301 1298 363 de
1342 317 1576 364 recante
1599 349 1618 377 ,
1647 325 1719 367 ne
1745 310 1975 364 U-c-nae·

46 411 59 458 Γ
196 381 502 445 infelicior
532 381 733 455 domi,
769 384 950 466 quam
986 381 1206 444 militiae
1246 402 1277 444 e
1325 398 1408 443 et.
1450 393 1476 422 ²
1516 386 1587 443 In
1609 382 1723 447 hos
1745 364 1977 418 *0⁸³⁹*

46 469 47 474 ’
199 464 371 526 'v'ersa
415 462 500 525 ira
541 462 793 547 populi,
850 462 1251 547 cooptationis
1309 460 1682 524 tribunorum
1707 509 1729 540 ‚

200 540 547 627 fraudisque
571 542 821 605 contral
898 565 993 605 em
1015 541 1371 606 Treboniam
1390 539 1584 616 factat,
1604 564 1732 606 me·-

198 624 455 685 moriam
494 623 802 686 obscuram
870 624 1010 686 ecit.
1051 621 1326 686 Victores
1361 621 1621 699 tribuni,
1658 641 1734 686 ut

248 704 542 766 raesentem
573 702 908 767 mercedem
953 702 1154 766 'udicii
1193 701 1396 785 plebes
1439 701 1683 767 haberet
1706 751 1730 780 ‚

229 801 406 866 egem
421 783 706 867 agrariam
724 724 1132 868 promuigant,
1155 782 1568 867 tributumque
1586 803 1732 845 con-

202 862 353 926 ferri
388 864 707 945 prohibent
733 887 748 927 ε
774 886 961 949 quum
987 882 1081 925 tot
1108 861 1468 925 exercitibus
1511 862 1730 945 stipen-

201 943 311 1005 dio
337 962 488 1026 opus
507 940 647 1006 effet
664 990 685 1019 ‚
710 955 731 996 ³
756 946 857 1006 res
889 964 963 1007 ue
984 943 1205 1006 militiae
1223 942 1305 1005 ita
1325 945 1595 1027 prospere
1616 961 1731 1026 ge-

40 1061 45 1102 ;
114 1041 119 1044 “
202 1041 519 1099 ferentur,
565 1041 634 1087 ut
665 1022 828 1086 nullo
907 1023 1027 1088 ello
1058 1025 1363 1090 veniretur
1388 1023 1460 1086 ad
1495 1025 1729 1087 exitum

200 1103 347 1186 spei.
373 1111 648 1188 Namque
667 1104 832 1167 Veiis
856 1104 1035 1167 castra
1060 1152 1079 1180 ,
1125 1125 1255 1188 quae
1295 1102 1488 1166 amiffa
1524 1121 1726 1181 erant,
1806 1126 1970 1170 neum

201 1201 553 1266 recuperata
566 1183 811 1246 castellis
825 1185 1206 1268 praefidiisque
1223 1184 1738 1253 firmatur.Praee--
1748 1185 1987 1242 mucaptm.

202 1280 343 1326 rant
393 1264 616 1328 tribuni
661 1264 919 1326 militum
956 1271 1058 1326 Μ’.
1098 1264 1368 1326 AEmilius
1395 1251 1524 1340 ,Ἧι
1562 1267 1734 1328 (Ξὲτΐο

203 1343 437 1407 Fabius.
482 1352 539 1405 A
583 1349 669 1409 Μ.
710 1345 886 1407 Furio
925 1345 984 1406 in
1025 1342 1254 1406 Faliscis
1281 1388 1303 1417 ‚
1330 1347 1537 1408 &Cm
1573 1348 1737 1407 Cor-
1833 1373 1848 1390 =

204 1423 373 1487 nelio
398 1425 459 1484 in
482 1426 786 1506 Capenate
811 1442 953 1505 agro
983 1423 1179 1484 hostes
1212 1422 1359 1485 nulli
1390 1441 1553 1485 extra
1575 1443 1736 1488 moe-

205 1505 310 1567 nia
350 1503 578 1579 inventi
619 1501 852 1585 :praedae
898 1502 1073 1575 acte,
1118 1501 1521 1584 incendiisque
1564 1503 1736 1567 villa-

208 1604 350 1647 rum
388 1603 455 1643 ac
485 1581 728 1664 frugum
759 1581 962 1646 vastati
1003 1581 1194 1643 fines:
1236 1582 1450 1674 oppida
1492 1587 1600 1644 rsec
1629 1606 1738 1667 op-

205 1677 470 1747 pugnata
492 1708 512 1736 ,
557 1681 669 1723 nec
707 1658 926 1726 obseffa
962 1662 1115 1726 sunt.
1153 1665 1239 1724 At
1278 1682 1338 1724 m
1362 1661 1594 1725 Volscis
1624 1662 1736 1726 de-

209 1740 503 1826 populato
544 1751 686 1825 agro
732 1747 944 1806 Anxur
978 1742 1391 1827 'nequicquam
1425 1761 1738 1829 oppugna-

209 1841 342 1887 tum
367 1868 386 1899 ‚
422 1821 562 1886 loco
598 1821 926 1888 'alto-fitam
947 1872 967 1899 ‚
995 1826 1057 1887 δε
1082 1870 1104 1899 ,
1121 1823 1547 1917 postquam·vis
1569 1824 1735 1889 irrita
1788 1846 1795 1854 ·

211 1922 378 1981 erat„
402 1902 558 1968 vallo
586 1903 860 1989 fossaque
885 1905 1135 1969 obsideri
1161 1923 1458 1990 coeptum.
1494 1906 1737 1971 Valerio

142 1985 148 1991 ’
210 1984 420 2046 Potito
465 1983 665 2045 Volsci
709 1986 1013 2067 provincia
1059 2005 1357 2049 evenerat.
1406 1990 1540 2048 Hoc
1586 1986 1736 2049 statu

210 2062 555 2127 militarium
608 2083 805 2126 rerum
841 2110 862 2138 ‚
921 2064 1131 2124 seditio
1193 2064 1459 2124 intestina
1518 2065 1739 2144 majore

211 2143 372 2205 mole
416 2157 663 2215 coorta,
718 2141 897 2223 quam
942 2140 1097 2203 bella
1145 2140 1585 2203 tractabantur:
1618 2146 1733 2216 &‚

258 2245 403 2286 uum
432 2222 721 2284 tributum
740 2220 1000 2282 conferri
1033 2240 1137 2302 per
1164 2219 1436 2284 tribunos
1459 2240 1579 2282 non
1603 2223 1737 2303 pos-

208 2245 338 2378 ῗετ,
372 2321 482 2364 nec
511 2298 858 2392 stipendium
887 2298 1338 2383 imperatoribus
1364 2299 1701 2362 mitteretur
1719 2345 1742 2376 ‚

210 2402 443 2466 atraque
469 2379 741 2443 militaria
767 2378 1058 2462 flagitaret
1090 2379 1297 2455 miles3
1342 2379 1502 2442 haud
1524 2379 1740 2461 procul

212 2481 343 2527 erat
371 2508 390 2535 ‚
449 2462 594 2546 quin
640 2459 818 2523 castra
868 2480 1113 2544 quoque
1161 2458 1398 2523 urbana>
1435 2458 1740 2523 seditionis

211 2542 572 2624 contagione
610 2539 1007 2604 turbarentur.
1059 2547 1224 2602 Inter
1257 2539 1361 2602 has
1394 2540 1510 2604 iras
1550 2540 1740 2624 plebis
1782 2551 1999 2621 Tam&

206 2623 279 2688 in
341 2626 588 2699 Patres,
637 2642 826 2706 quum
875 2619 1101 2683 tribuni
1152 2618 1341 2704 plebis
1395 2640 1554 2685 nunc
1588 2619 1741 2686 illud
1757 2611 1960 2668 ²¹<b²⁸'“·

284 2833 311 2865 2
340 2817 370 2863 I
371 2802 502 2865 n³hos
518 2813 651 2878 versa
671 2814 742 2864 ἕνα
756 2812 943 2883 populi]
1073 2831 1094 2873 3
1137 2811 1305 2881 Resque
1326 2809 1504 2861 militia
1530 2812 1597 2859 ita
1617 2810 1741 2878 pros-

212 2880 350 2932 Prius
403 2880 690 2929 irascebatur
747 2879 946 2944 populus
1005 2886 1146 2946 pere]
1185 2879 1367 2941 Resque
1395 2876 1580 2925 militiae
1607 2878 1744 2941 pros*

214 2948 419 2996 tribunis
445 2946 551 2992 l'uis.
587 2947 652 2991 At
675 2958 778 2991 tum
801 2948 874 2991 ira
895 2947 946 2993 in
1007 2958 1116 3007 pere
1131 2940 1323 3007 quidem
1342 2954 1608 3005 gererentur
1626 2974 1640 2998 ‚
1662 2938 1742 2989 sed

215 3018 297 3061 Ser
333 3013 432 3056 ium
453 3010 813 3071 Virginiumque
839 3023 944 3056 ver·
1009 3010 1081 3055 ita
1095 3021 1254 3055 tamen
1276 3020 1328 3055 ut
1346 3002 1535 3053 nullum
1561 3003 1744 3053 bellum

216 3077 270 3128 sa
327 3073 465 3121 elevit
487 3087 543 3120 ex
567 3074 736 3120 animis
760 3087 947 3119 memo·
1009 3073 1341 3123 terminaretur
1373 3066 1555 3140 sperata
1587 3068 1744 3120 visto-

218 3142 345 3195 fiam
376 3138 691 3211 cooptationis
725 3136 947 3189 tribuno·
1011 3132 1100 3187 rifi.

219 3219 345 3255 tum·
1093 3229 1098 3235 -
