2159 3725
415 195 526 288 '50
893 179 990 259 T.
1090 180 1153 258 L
1196 207 1222 259 1
1277 206 1328 260 v
1369 208 1398 265 1
1449 206 1480 259 1

415 287 567 348 caeso
607 278 773 346 hoste
814 280 1009 346 vistor
1051 281 1367 345 secundam
1404 281 1967 368 pugnam·petebat'.'

417 381 554 428 tum
582 374 611 417 5
637 364 935 441 clamore,
1004 362 1151 425 ualis
1189 383 1263 426 ex
1298 363 1591 447 insperato
1627 361 1967 429 faventium

413 445 609 519 solet,
652 444 903 507 Romani
935 466 966 506 a
1008 444 1215 525 juvant
1248 443 1496 507 militem
1537 445 1705 506 suum
1728 447 1832 507 t&
1855 444 1967 506 ine

417 524 670 607 defungi
702 524 899 608 praelio
932 521 1188 588 festinat.
1228 523 1399 586 Prius
1430 525 1512 586 ita
1556 544 1632 586 ue
1665 523 1847 609 quam
1874 525 1971 586 al-

411 623 515 668 ter
542 652 559 681 ,
585 604 692 697 qui
726 625 838 671 nec
875 604 1091 690 procul
1130 605 1331 667 aberat
1349 651 1367 679 ,
1399 624 1513 667 con
1540 605 1695 689 equi'
1725 604 1913 688 posset
1934 652 1967 682 ,

416 689 483 748 &
518 685 767 748 alterum
805 685 1152 749 Curiatium
1188 684 1449 749 conficit.
1492 692 1740 768 Jamque
1763 705 1966 769 aequa-

417 782 488 828 to
531 772 723 833 Marte
759 763 966 849 singuli
997 767 1331 848 supererant
1352 810 1371 839 ‚
1410 764 1506 830 sed
1539 785 1651 826 nec
1686 766 1965 850 spemee

416 843 646 911 viribus
680 865 865 929 pares.
896 843 1152 907 alterum
1179 891 1199 918 ,
1222 844 1512 908 intaelum
1541 842 1702 908 ferro
1738 864 1986 929 corpus,

419 929 489 990 &
514 925 806 1008 geminata
830 924 1079 1003 vistoria
1099 970 1118 998 ‚
1144 920 1411 987 feroc'em
1434 926 1494 987 in
1518 944 1812 988 certamen
1838 935 1967 988 t‘er-

417 1006 574 1070 tium
595 1003 815 1068 dabant
838 1026 853 1067 2
881 1005 1027 1077 alter
1054 1002 1265 1067 fess’um
1287 1004 1531 1068 vulnere
1548 1052 1569 1081 ,
1596 1004 1802 1069 feffum
1826 1027 1963 1069 cur-

415 1087 486 1150 su
531 1086 768 1165 trahens
806 1105 1025 1170 corpus
1048 1128 1066 1157 ,
1089 1086 1399 1170 vietusque
1432 1084 1681 1148 fratrum
1722 1104 1857 1149 ante
1896 1088 1959 1150 se

415 1166 606 1250 strage
636 1213 657 1242 ‚
691 1166 906 1231 vid'tori
943 1164 1225 1246 objicitur
1263 1163 1440 1229 hosti.
1478 1184 1591 1228 nec
1625 1164 1774 1229 illud
1812 1187 1965 1250 prae«

375 1260 396 1288 '·
420 1246 570 1311 lium
607 1246 742 1310 fuit.
785 1244 1453 1321 Romanus'exsultanS,
1491 1253 1686 1318 Duos,
1718 1246 1963 1330 inquit,

408 1330 659 1410 fratrum
695 1329 959 1414 Manibus
993 1328 1122 1387 dedi
1143 1354 1161 1387 .·
1186 1329 1413 1387 tertium
1433 1369 1454 1397 ,
1482 1328 1653 1406 causae
1682 1326 1823 1388 belli
1852 1331 1964 1389 hu-
2058 1402 2063 1409 ⁴

410 1410 603 1487 fusce,
641 1426 705 1469 ut
733 1415 1005 1469 Romanus
1043 1405 1259 1468 Albano
1296 1410 1529 1490 imperet
1549 1451 1569 1478 ‚
1607 1410 1763 1468 dabo.
1797 1407 1968 1473 Male

417 1486 727 1556 sustinenti
768 1507 966 1561 arma,
1029 1484 1254 1551 ladium
1292 1485 1535 1571 superne
1573 1484 1780 1569 jugulo
1812 1486 1970 1550 defi-

420 1573 513 1652 git
539 1590 553 1631 ε
579 1567 871 1649 jacentem
901 1568 1000 1660 spo
1028 1567 1128 1631 iar.
1171 1567 1421 1631 Romani
1458 1583 1702 1631 ovantes
1739 1587 1806 1629 ac
1832 1585 1966 1650 gra-

423 1648 683 1711 tulantes
723 1655 1037 1710 Horatxum
1075 1648 1379 1731 accipiunt
1404 1668 1419 1708 z
1444 1667 1519 1721 eo
1554 1646 1775 1727 masore
1816 1667 1964 1713 cum

420 1728 644 1811 gaudio
655 1773 676 1802 ‚
702 1747 827 1809 quo
866 1746 1051 1811 prope
1089 1747 1319 1789 metum
1350 1746 1442 1787 res
1483 1725 1692 1789 fuerat.
1739 1727 1837 1790 Ad
1869 1730 1966 1791 se-

307 1863 314 1868 .
414 1805 886 1893 pulturam‘inde
912 1808 1152 1872 suorum
1181 1826 1554 1899 nequaquam
1618 1806 1814 1871 aribus
1839 1810 1965 1872 ani-

419 1889 537 1952 ‘mis
572 1904 887 1953 vertuntur
927 1932 947 1962 ‚
998 1884 1219 1971 quippe
1264 1888 1512 1971 imperio
1553 1909 1584 1949 a
1611 1889 1720 1950 teri
1758 1887 1964 1972 aust&

418 1966 594 2032 alteri
631 1967 874 2030 ditionis
911 1965 1111 2030 alienae
1159 1965 1316 2030 faeti.
1369 1967 1647 2050 Sepulcra
1689 1967 1962 2048 exstant,

417 2069 550 2133 quo
575 2047 716 2133 quis
749 2068 823 2109 ue
848 2046 987 2110 loco
1013 2045 1253 2120 cecidit.
1285 2046 1407 2122 duo
1433 2052 1692 2122 Romana
1717 2048 1962 2113 uno¹lo-

387 2150 499 2191 eo
537 2127 710 2214 propi·
752 2149 777 2188 s
814 2127 1025 2190 Albam
1051 2175 1068 2203 ,
1110 2128 1222 2190 tria
1264 2125 1492 2194 Albana
1532 2131 1777 2191 Romam
1812 2151 1965 2194 ver-

423 2205 568 2284 st⁸1s3
597 2209 694 2272 sed
728 2207 995 2286 distantia
1027 2206 1176 2270 loeis
1199 2254 1219 2285 ‚
1257 2211 1319 2276 ὃς
1350 2226 1418 2270 ut
1450 2225 1777 2292 pugnatum
1812 2210 1922 2288 est.

333 2337 346 2352 .
443 2327 453 2332 -
503 2294 719 2354 XXVI.
762 2289 1109 2373 Priusquam
1144 2289 1285 2352 ,inde
1323 2286 1773 2371 digrederentur
1797 2312 1961 2366 ,·ro-

425 2370 590 2462 ganti
623 2369 838 2431 Mettio
875 2391 948 2432 ex
965 2365 1215 2431 foedere
1254 2368 1375 2428 ido
1417 2368 1564 2450 quid
1600 2368 1958 2461 imperaret,
2024 2385 2039 2406 ’-
2108 2415 2117 2422 -

423 2467 676 2530 Jmperat
712 2446 920 2509 Tullus
951 2492 971 2520 ‚
1012 2446 1104 2507 uti
1130 2446 1504 2526 juventutem
1538 2447 1598 2508 in
1635 2469 1808 2518 arnus
1845 2451 1958 2516 ha-

425 2527 565 2590 beat
605 2549 620 2588 t
659 2530 879 2605 usurum
908 2529 974 2605 se
1015 2547 1196 2586 eorum
1240 2525 1401 2616 operd
1422 2570 1444 2595 ,
1483 2527 1543 2606 si
1578 2528 1784 2591 bellum
1827 2556 1955 2595 cum

427 2607 748 2671 Veientibus
769 2607 941 2683 foret.
974 2603 1056 2664 ita
1090 2623 1387 2669 exercxtus
1421 2605 1557 2668 inde
1595 2604 1806 2674 domos
1846 2613 1959 2674 ab·

417 2684 613 2758 ,ducta
643 2683 925 2772 Princeps
952 2685 1240 2770 Horatius
1271 2685 1394 2768 ibat
1417 2732 1437 2788 3
1467 2690 1788 2772 tergemina
1813 2693 1958 2776 spo..

499 2878 524 2924 5
557 2862 759 2916 Clamore
774 2903 791 2929 ‚
813 2864 986 2936 qualis:
996 2882 1055 2915 ex
1079 2865 1156 2928 in·
1219 2863 1313 2930 spel
1354 2863 1607 2918 renascenti
1643 2867 1819 2919 favent.
1866 2876 1951 2920 In-

337 2963 340 2964 ⁷
424 2929 602 2998 [petato
605 2931 872 2998 faventium
905 2930 1157 2994 oletJCla-
1216 2937 1544 2982 'tuetur'Livius
1563 2950 1617 2983 ea
1645 2947 1747 2999 quae
1779 2936 1824 2981 in
1857 2951 1949 2999 pu·-

433 3012 599 3055 more,
620 2994 808 3061 qualern
839 3013 863 3045 e
895 3013 972 3045 ere
1005 2996 1156 3045 solent
1220 2999 1324 3061 gnis
1361 2997 1683 3061 gladiatorum
1700 3031 1716 3056 ,
1753 3001 1800 3045 in
1841 3000 1947 3069 sper
2016 3018 2021 3022 ·

426 3062 466 3110 ii
510 3063 591 3125 qui
636 3076 745 3107 eum
787 3076 930 3125 quem
978 3062 1158 3110 vietum
1216 3061 1410 3110 &aculis
1424 3060 1741 3128 Circensibus,
1762 3063 1967 3120 accidens.-
2009 3078 2019 3084 ·

568 3123 860 3172 crediderant
879 3159 895 3183 ‚
928 3140 983 3172 ex
1009 3128 1160 3191 inspe-
1210 3135 1272 3177 ‘re
1301 3125 1553 3186 solemma·
1838 3126 1846 3130 “

231 3219 330 3231 --
423 3200 536 3247 tato
555 3189 789 3258 resurgere
803 3186 1037 3253 videntes,
1053 3195 1152 3257 ejus
1406 3219 1411 3224 ·
