2159 3725
669 224 733 302 L
778 247 807 300 1
853 249 899 302 Β
945 246 992 300 Β
1036 247 1087 300 R
1177 220 1273 302 V.
1617 245 1776 321 451

234 343 368 390 tum
385 371 407 402 ‚
429 323 648 406 majore
672 321 893 407 gaudio
913 321 1102 408 plebis
1122 368 1139 393 ‚
1205 321 1343 385 uim
1364 320 1768 407 indignatione
1798 347 2032 402 meuc,

232 411 518 481 Pa-trum,
556 405 639 467 itit
664 405 843 467 etiam
868 403 1072 488 geflit;
1115 401 1194 465 du
1224 402 1375 465 cedo
1404 403 1607 468 invafit
1633 426 1768 488 pro-
1791 406 1902 451 a.c.
1923 413 2024 458 3⁵⁶·

230 485 411 549 :timis
462 485 727 550 comitiis
767 484 1147 547 tribunorum
1194 482 1453 546 militum
1503 482 1775 567 plebeios

233 565 492 629 creandI.
516 572 685 630 Unus
710 569 791 629 M.
822 563 1111 630 Veturius
1147 584 1222 626 ex
1251 563 1521 657 patriciis
1565 563 1764 627 candi·
1839 574 2032 640 Μιντ-

238 644 393 708 datis
413 645 616 710 locum
650 645 864 710 tenuit.
895 644 1165 730 plebeios
1185 642 1337 708 alios
1361 644 1638 708 tribunos
1655 645 1769 707 mi-
1796 642 1998 735 23⁰1}

229 725 410 789 litum
440 726 729 791 consulari
762 724 1050 809 potestate
1089 745 1295 788 omnes
1337 723 1462 788 fere
1489 726 1772 789 centuriae
1799 719 1915 793 Mil.
1998 718 2022 739 ⁹

160 879 169 884 ,
233 805 482 882 dixere,
519 814 600 869 M.
638 805 1034 890 Pomponium
1061 849 1079 877 ,
1124 810 1202 868 C.
1239 803 1506 888 Duilium
1535 853 1553 880 ,
1577 803 1774 872 ,Vole-

236 907 447 952 ronem
469 883 793 954 Publilium
811 933 832 963 ,
850 887 970 948 CnL
996 884 1337 948 Genucium
1355 931 1374 959 ,
1403 890 1471 947 L.
1500 885 1776 949 Atilium.

235 966 487 1032 Tristem
541 965 801 1029 hiemem
827 1012 847 1041 ,
890 964 1008 1030 five
1056 986 1132 1028 ex
1184 966 1372 1029 intem
1413 963 1534 1028 erie
1573 961 1773 1042 coeli,

237 1045 458 1131 raptim
477 1047 806 1110 mutatione
834 1045 895 1108 in
921 1045 1286 1109 contrarium
1307 1044 1364 1109 fa
1427 1045 1459 1108 ἓι
1475 1092 1496 1122 ,
1522 1044 1638 1111 five
1661 1046 1773 1110 alia
1947 1097 1954 1102 .

237 1148 356 1212 qua
388 1127 464 1192 de
492 1129 701 1203 canat,
721 1127 915 1210 gravis
942 1125 1328 1219 pestilensque
1349 1125 1627 1192 omnibus
1650 1126 1775 1189 ani·
1834 1151 2036 1208 hya...

234 1206 491 1270 malibus
535 1206 690 1272 aestas
724 1206 978 1290 excepit.
1022 1205 1538 1288 cujusfmsanabili
1579 1218 1602 1250 ²
1640 1227 1770 1290 per-
1799 1213 1884 1263 tia·

238 1285 396 1351 nicie
418 1288 659 1372 quando
676 1307 786 1351 nec
805 1289 978 1350 causa
996 1332 1018 1362 ‚
1037 1305 1147 1348 nec
1171 1286 1306 1350 finis
1321 1287 1728 1352 inveniebatur
1742 1333 1770 1363 ‚

237 1365 376 1430 libri
419 1366 694 1450 Sibyllini
745 1387 819 1430 ex
876 1367 1380 1430 senatusconsulto⁴
1434 1367 1580 1430 aditi
1618 1368 1772 1433 sunt.

239 1446 564 1512 Duumviri
598 1447 772 1511 sacris
802 1444 1096 1509 faciundis
1120 1492 1140 1518 ‚
1165 1460 1196 1492 ²
1234 1446 1588 1509 lectisternio
1625 1463 1772 1509 tunc
1826 1465 2044 1520 teutfin-

236 1523 494 1612 primum
523 1526 585 1588 in
622 1526 771 1589 urbe
804 1529 1062 1588 Romana
1092 1523 1252 1588 fasto
1277 1572 1298 1601 ‚
1324 1546 1430 1613 per
1467 1526 1593 1598 dies
1631 1525 1772 1590 octo
1799 1526 1912 1569 ’ἕω
1943 1525 2036 1583 pn·-

239 1604 591 1689 Apollinem
609 1651 629 1682 ,
655 1610 1057 1691 Latonamque
1079 1651 1100 1680 ‚
1128 1606 1495 1683 &Dianam,
1532 1610 1769 1670 Hercu·
1798 1596 1926 1632 ''⁹⁸⁸¹’‘

234 1685 400 1762 lem,
437 1685 802 1750 Mercurium
826 1734 843 1759 ‚
884 1703 1064 1771 atque
1107 1691 1498 1770 Neptunum,
1548 1686 1768 1763 tribus,

236 1766 423 1852 quim
464 1766 802 1852 amplissime
838 1784 965 1830 tum
1002 1765 1264 1863 apparari
1285 1785 1554 1853 poterat,
1585 1765 1776 1832 stratis

238 1846 409 1912 lestis
445 1846 772 1932 placavere.
829 1848 1115 1914 Privatxm
1153 1870 1399 1936 quoque
1444 1848 1778 1916 id'sacrum

243 1928 609 1993 celebratum
646 1929 749 1996 est.
784 1928 918 1993 torti
959 1931 1107 1993 urbe
1156 1931 1500 2014 patentibus
1534 1930 1776 2014 januis,

242 2008 704 2095 promiscuoque
742 2011 852 2071 usu
899 2030 1100 2077 rerum
1143 2011 1413 2073 omnium
1453 2012 1512 2072 in
1555 2032 1775 2094 propa-

152 2090 159 2095 ’
242 2088 376 2151 tulo
415 2086 643 2171 polito,
686 2105 863 2148 notos
902 2088 1260 2170 ignotosque-
1287 2088 1485 2171 paffim
1522 2088 1784 2152 advenas

244 2167 307 2231 in
338 2166 660 2251 hospitium
699 2164 912 2228 ductos
953 2164 1156 2230 ferunt
1187 2189 1201 2229 ε
1238 2170 1300 2229 &
1339 2187 1479 2237 cum
1522 2167 1779 2230 inimicis

244 2267 493 2339 quoque
543 2244 797 2328 benigne
858 2265 928 2308 ac
982 2244 1236 2309 comiter
1272 2247 1565 2309 sermones
1601 2245 1782 2311 'babi-

178 2346 362 2402 0205,
388 2327 597 2410 jurgiis
619 2346 688 2387 ac
706 2324 912 2389 litibus
938 2334 1330 2418 'temperatum
1352 2324 1599 2389 :vinciis
1664 2346 1776 2390 uo·

293 2429 367 2470 ue
395 2408 632 2493 dempta
656 2405 715 2469 in
737 2426 840 2469 eos
869 2405 993 2469 dies
1019 2406 1258 2471 vincula
1280 2434 1299 2485 3
1321 2406 1597 2500 religioni
1656 2408 1782 2471 ein-

242 2430 323 2552 ge
361 2486 565 2562 fuisse,
592 2485 813 2572 quibus
847 2507 975 2549 eam
1010 2507 1186 2572 opem
1224 2488 1306 2553 dii
1332 2487 1621 2567 tuhssent,
1645 2488 1776 2554 vin-

243 2566 374 2634 ciri.
417 2569 665 2633 Interim
707 2567 780 2632 ad
812 2567 995 2634 Veios
1039 2586 1231 2634 terror
1266 2568 1577 2655 multiplex
1620 2568 1788 2651 fuit,

306 2794 334 2826 τ
370 2777 603 2840 Ριηιὶιὶε]
634 2783 747 2828 Haec
777 2793 874 2828 vox
896 2794 977 2829 ac·
1108 2792 1137 2825 2
1189 2774 1506 2843 ῐεθξβενηίο]
1556 2781 1649 2827 Hic
1693 2794 1777 2829 ex-

240 2843 455 2909 cipienda
500 2841 686 2893 videtur
735 2846 789 2891 in
830 2842 975 2911 dandi
1038 2840 1384 2891 traotdinarius
1404 2842 1494 2890 fuit
1510 2843 1778 2907 supplican-

240 2909 353 2961 casu
373 2943 388 2966 ,
409 2907 616 2973 antique.
643 2905 797 2955 Potest·
816 2918 976 2956 tamen
1040 2906 1091 2956 di
1118 2905 1208 2954 diis
1233 2908 1364 2954 ritus.
1414 2906 1488 2955 Ad
1520 2906 1678 2972 epulas
1708 2906 1782 2959 dii

241 2973 450 3036 intelligi
475 2975 525 3019 in
553 2968 792 3019 auferendi
822 2972 965 3020 casu:
1040 2970 1367 3020 invitabantur
1395 3004 1414 3033 ‚
1463 2972 1610 3037 iisque
1670 2971 1786 3019 leffi-

240 3041 374 3102 cujus
401 3050 549 3101 quum
570 3034 842 3084 insanabilis
861 3051 968 3101 per·
1040 3033 1363 3085 sternebantur
1380 3071 1396 3096 ‚
1420 3038 1468 3084 in
1500 3036 1670 3102 quibus
1697 3051 1782 3085 eo·-

240 3104 384 3153 nicies
407 3096 532 3149 effer.
563 3103 634 3148 Sic
665 3098 699 3155 l.
733 3104 822 3151 V1.
849 3117 893 3150 c.
922 3109 971 3148 6.
1044 3112 1154 3148 tum
1197 3102 1544 3166 reponebantur
1589 3097 1783 3150 simuln-

242 3162 461 3221 absolute
523 3168 683 3212 onitur
710 3198 726 3222 ,
758 3176 886 3216 tanto
917 3164 975 3216 de
1043 3180 1160 3212 craz
1181 3179 1285 3214 tum
1317 3169 1591 3221 conviyium
1628 3179 1778 3237 2220·-

239 3230 293 3299 fe
322 3180 522 3299 conftnlss
554 3229 793 3284 civitatis.
1043 3229 1271 3287 uebatur.
