2159 3725
54 13 99 131 l

49 139 90 478 ὲ
630 198 1090 278 Linea
1185 199 1284 279 V.
1563 161 1836 304 4455x

192 309 528 383 trinamque
557 301 901 379 accusante3
929 299 1202 393 virginio
1226 298 1300 362 de
1345 316 1578 364 recante
1602 348 1620 377 ‚
1649 324 1721 367 ne
1748 307 1978 361 (Le-ue·

201 376 503 450 infelicior
532 378 734 452 domi,
771 382 951 463 quam
988 380 1208 442 militiae
1238 401 1279 442 ·e
1326 397 1409 443 et.
1452 393 1478 421 ²
1519 386 1589 443 In
1611 382 1725 447 hos
1747 364 1979 418 ²⁸0³*

48 505 51 538 s
203 460 373 522 v'ersa
415 459 500 521 ira
544 459 794 545 populi,
852 461 1253 544 cooptationis
1311 459 1683 524 tribunorum
1708 508 1731 540 ‚

48 551 49 560 ¹
204 535 549 623 fraudisque
573 557 778 603 contra
801 539 823 601 l
900 562 995 603 em
1017 539 1372 604 Treboniam
1392 538 1555 604 faetae
1566 587 1586 616 ,
1606 564 1734 606 me·-

201 620 456 681 moriam
496 620 804 683 obscuram
871 621 1011 684 ecit.
1053 620 1328 684 ViRores
1363 620 1621 699 tribuni,
1659 637 1744 686 ut

249 697 543 762 raesenrem
574 699 909 765 mercedem
955 700 1156 764 'udicii
1196 700 1396 783 plebes
1440 700 1730 780 haberet,

230 797 406 861 egem
422 780 706 863 agrariam
725 722 1102 866 promulgant
1113 828 1133 857 ‚
1156 781 1568 865 tributumque
1587 802 1733 845 con-

204 857 354 920 ferri
388 861 749 940 prohibent:
775 884 962 946 quum
988 879 1081 924 tot
1109 861 1468 924 exercitibus
1513 861 1730 945 stipen-

203 938 313 1001 dio
338 960 489 1022 opus
508 937 648 1003 effer
665 987 687 1016 ,
710 952 731 993 3
756 944 857 1004 res
889 962 964 1006 ue
985 941 1205 1004 militia:
1224 941 1305 1003 ita
1325 944 1596 1026 prospere
1617 961 1731 1026 ge-

203 1037 481 1082 terentur
498 1066 518 1096 ,
565 1038 635 1084 ut
665 1021 829 1084 nullo
907 1022 1027 1085 ello
1059 1023 1364 1088 veniretur
1389 1021 1460 1085 ad
1496 1024 1729 1087 exitum

202 1099 347 1181 spei.
372 1107 649 1184 Namque
667 1102 832 1164 Veiis
857 1102 1035 1165 castra
1061 1150 1079 1177 ,
1125 1124 1255 1187 quae
1296 1101 1489 1165 arniffa
1524 1122 1726 1180 erant,
1806 1126 1970 1170 2011...»

202 1199 551 1263 recuperata
566 1180 812 1243 castellis
825 1182 1205 1265 praefidiisque
1223 1182 1738 1282 firmanguffl'raeeae
1748 1184 1987 1242 καθίμα·-

201 1277 342 1322 tant
391 1260 615 1324 tribuni
661 1261 918 1324 militum
956 1269 1058 1325 Μ’.
1098 1262 1368 1325 AEmilius
1394 1310 1415 1339 ‚
1462 1267 1523 1325 &
1562 1266 1733 1327 Caeso

201 1339 436 1403 Fabius·
482 1349 539 1401 A
582 1346 668 1405 M.
709 1342 885 1403 Furio
924 1342 984 1404 in
1024 1341 1253 1404 Faliscis
1281 1386 1303 1415 ,
1329 1345 1537 1408 ὅτευ.
1572 1347 1736 1406 Cor·
1833 1373 1848 1390 =

203 1417 371 1483 nelio
397 1421 458 1481 in
482 1422 786 1503 Capenate
811 1440 952 1503 agro
983 1421 1178 1483 hostes
1212 1420 1359 1483 nulli
1389 1440 1552 1484 extra
1575 1443 1735 1486 moe-

204 1499 308 1563 nia
349 1500 577 1576 inventi
617 1498 852 1583 :praedae
898 1500 1073 1573 atstae,
1116 1499 1520 1583 incendiisque
1563 1502 1735 1566 villa-

206 1600 348 1643 rum
386 1599 454 1640 ac
483 1578 726 1661 frugum
757 1578 960 1643 vastati
1002 1578 1192 1641 fines:
1234 1580 1450 1672 oppida
1491 1587 1600 1643 n‘ec
1628 1605 1736 1666 op-

203 1674 469 1743 pugnata
492 1705 510 1732 ,
554 1678 668 1721 nec
706 1656 925 1724 obsessa
959 1660 1114 1723 sunt.
1152 1663 1239 1721 At
1277 1679 1337 1722 in
1362 1659 1593 1724 Volscis
1623 1662 1735 1725 de-

208 1737 501 1821 populato
542 1749 685 1823 agro
730 1744 944 1803 Anxur
977 1740 1390 1824 ‘nequicquam
1424 1759 1738 1834 oppugna-

207 1835 340 1882 tum
364 1866 383 1896 ‚
420 1818 560 1882 loco
600 1818 724 1883 alto
754 1820 925 1886 situm
945 1869 966 1897 ,
994 1824 1055 1884 &
1082 1868 1103 1896 .,
1120 1819 1545 1915 postquam·vis
1567 1822 1733 1888 irrita
1787 1845 1793 1853 ·

211 1917 375 1977 erat,
398 1899 555 1964 vallo
585 1901 859 1986 foss-{ique
884 1902 1135 1966 obsideri
1160 1922 1456 1988 coeptum.
1493 1904 1735 1969 Valerio

142 1981 147 1986 ’
209 1980 418 2041 Potito
462 1979 663 2042 Volsci
707 1983 1011 2064 provincia
1058 2002 1355 2047 evenerat.
1405 1989 1539 2046 Hoc
1584 1985 1734 2048 statu

208 2058 553 2123 militarium
606 2079 803 2122 rerum
839 2108 859 2135 ‚
919 2061 1129 2122 seditio
1191 2062 1457 2122 intestina
1515 2064 1737 2142 majore

210 2139 370 2201 mole
414 2153 660 2212 coorta,
716 2138 894 2220 quam
939 2138 1095 2200 bella
1144 2139 1583 2203 trastabanrur:
1616 2145 1682 2203 δε
1708 2187 1730 2218 ,

258 2240 401 2282 uum
430 2218 719 2279 tributum
738 2217 997 2279 conferri
1031 2237 1134 2301 per
1162 2217 1434 2282 tribunos
1457 2239 1576 2280 non
1600 2222 1734 2302 pos-

238 2316 336 2374 et,
370 2319 478 2360 nec
507 2295 854 2389 stipendium
885 2296 1336 2382 imperatoribus
1362 2299 1699 2362 mitteretur
1716 2345 1740 2376 ‚

206 2390 447 2462 oeraque'
466 2376 738 2441 militaria
763 2375 1055 2459 flagitaret
1088 2377 1294 2453 miles3
1340 2378 1499 2442 haud
1521 2379 1736 2461 procu}

210 2478 339 2523 erat
368 2505 387 2532 ‚
445 2458 591 2543 quin
635 2457 814 2520 castra
864 2478 1110 2541 quoque
1158 2457 1396 2521 urbanae
1432 2458 1737 2523 seditionis

210 2538 568 2621 contagione
606 2537 1004 2601 turbarentur.
1056 2544 1221 2600 Inter
1254 2538 1359 2601 has
1390 2538 1508 2603 iras
1547 2539 1736 2624 plebis
1779 2551 1995 2621 nquit,

209 2618 275 2683 in
338 2623 584 2696 PatreS,
634 2640 822 2703 quum
871 2617 1098 2682 tribuni
1149 2617 1338 2702 plebis
1391 2640 1551 2684 nunc
1585 2620 1737 2686 illud
1754 2611 1956 2668 mlum·

279 2828 307 2862 2
336 2813 397 2860 ln
415 2812 498 2862 bos
514 2811 647 2876 versa
667 2812 737 2862 ἕνα
751 2810 941 2880 populi]
1069 2829 1090 2872 3
1133 2811 1301 2880 Resque
1322 2808 1500 2859 militiae
1526 2811 1593 2858 ita
1613 2810 1737 2878 pros·

208 2877 346 2928 Prius
399 2878 685 2926 irascebatur
742 2878 941 2942 populus
1001 2885 1142 2945 pere]
1181 2876 1363 2940 Resque
1391 2875 1576 2923 militiae
1601 2877 1739 2939 pros-⁸

212 2944 414 2992 tribunis
441 2942 547 2989 suis.
583 2944 646 2989 At
671 2956 773 2989 tum
798 2945 871 2991 ira
891 2945 941 2991 in
1003 2956 1111 3006 pere
1127 2940 1318 3005 quidem
1338 2953 1604 3004 gererentur
1620 2972 1636 2997 ,
1658 2938 1738 2988 sed

212 3013 292 3057 Ser
328 3009 428 3052 ium
449 3007 808 3069 Virginiumque
834 3021 939 3056 ver·
1005 3009 1077 3053 ita
1091 3019 1250 3053 tamen
1272 3018 1324 3053 ut
1342 3001 1530 3052 nullum
1556 3003 1740 3053 bellum

212 3073 264 3123 sa
323 3069 461 3117 elevit
482 3084 539 3116 ex
562 3071 731 3118 animis
755 3085 942 3117 merno-
1004 3072 1336 3121 terminaretur
1369 3065 1550 3139 sperata
1583 3068 1739 3119 visto·

214 3139 340 3193 tiam
372 3134 685 3207 cooptationis
720 3133 941 3185 tribuno·
1006 3131 1095 3186 ria.
1248 3164 1253 3169 -

214 3215 341 3252 tum·
