2159 3725
414 229 568 307 452
917 205 1508 286 T.1.1v1·1·

633 305 649 321 0

160 323 391 383 uem.
417 308 608 372 tribus
631 326 693 369 m
717 305 904 369 unum
926 302 1102 369 bellis
1137 306 1390 370 collatis,
1427 324 1684 390 namque
1721 301 1970 369 eodem'

162 387 268 433 ²⁴0·
287 396 391 444 ³9⁶·
418 409 544 473 quo
564 406 734 451 antea
758 385 943 449 modo
961 432 980 462 ,
1003 386 1160 447 circa
1194 388 1556 450 munimenta
1583 433 1603 462 ‚
1637 407 1832 470 quum
1854 405 1968 448 ree
2109 413 2110 424 ¹

415 468 594 553 pente
619 470 965 552 Capenates,
984 461 1323 551 Faliscique.
1343 465 1916 544 subfidieyenissent
1927 505 1976 542 ,‚
2001 516 2014 524 „

416 543 695 611 adversus
729 565 853 609 tres
884 544 1183 609 exercitus
1222 545 1696 631 ancipiti-praelio
1761 564 1958 627 ugna*
2109 569 2110 584 ¹

415 646 549 691 tum
572 626 672 691 est.
710 630 867 688 Ante
899 625 1098 687 omnia
1137 625 1363 719 adjuvit
1393 626 1675 689 memoria
1741 646 1952 687 amna-

416 707 598 770 tionis
639 705 828 791 Sergii
864 709 926 768 &
965 705 1258 788 virginii„
1292 706 1492 789 itaque
1531 713 1563 759 '³
1613 706 1956 787 majoribus

417 787 615 851 eastris
638 834 659 862 ‚
685 785 843 850 unde
864 802 1031 848 antea
1055 784 1336 851 cessatum
1355 785 1549 849 fuerat
1572 832 1592 861 ‚
1613 785 1784 851 brevi
1814 788 1952 869 spa—

418 868 510 931 tio
548 865 962 930 circumda&
995 866 1215 949 copie,
1253 870 1585 950 Capenates
1619 868 1678 928 in
1715 865 1948 929 vallum

417 951 752 1011 Romanum
786 947 986 1009 versos
1011 947 1085 1008 ab
1111 963 1280 1030 tergo
1315 969 1345 1009 a
1387 946 1759 1038 grediuntur.
1791 945 1946 1008 Inde

420 1049 502 1112 pu
589 1049 621 1089 a
645 1043 850 1110 coepta
881 1027 943 1087 δε
976 1024 1204 1089 Faliscis
1233 966 1437 1089 intuqxt
1463 1045 1791 1108 terrorem,
1828 1043 1968 1088 tre‘-.

419 1045 804 1190 picffiitesque
827 1104 1064 1189 eruptio
1090 1126 1164 1168 ex
1197 1107 1393 1170 castris
1428 1106 1766 1190 opportune
1795 1106 1949 1172 fasta

422 1188 657 1251 avertit.
698 1183 961 1278 repulsos
994 1185 1208 1249 deinde
1242 1186 1500 1269 insecuti⁸
1535 1186 1831 1264 viciores,
1857 1186 1946 1248 in-

332 1301 338 1320 ·
420 1285 666 1356 gentem
691 1265 1005 1329 ediderunt
1027 1263 1265 1329 caedern.
1302 1272 1437 1330 Nec
1474 1267 1557 1329 ita
1590 1266 1786 1329 multo
1820 1265 1948 1350 post

419 1369 536 1428 jam
573 1346 834 1432 palantes
857 1393 871 1418 ,
899 1356 932 1398 4
951 1344 1140 1410 veluti
1175 1343 1331 1409 forte
1353 1345 1538 1409 oblati
1682 1345 1944 1410 alatores

419 1426 741 1512 Capenatis
768 1425 928 1508 agri,
969 1425 1248 1511 reliquias
1283 1445 1491 1511 pugna:
1527 1447 1560 1489 a
1605 1427 1897 1510 sumpsere
1923 1448 1944 1487 ε

344 1545 351 1548 -
419 1507 850 1572 &Veientium
874 1502 1238 1590 refugientes
1262 1505 1323 1569 in
1356 1506 1565 1571 urbem
1598 1506 1776 1569 multi
1812 1524 1947 1570 ante

421 1607 621 1682 portas
643 1586 763 1649 caefi
780 1634 801 1662 ,
820 1585 964 1649 dum
985 1608 1098 1670 pra:
1121 1604 1284 1649 metu
1306 1630 1325 1664 ,
1357 1608 1430 1650 ne
1454 1585 1619 1649 simul
1643 1590 1944 1649 Romanus

419 1689 607 1730 rtrum
655 1684 781 1730 eret
799 1712 817 1740 ,
846 1665 1096 1748 objectis
1123 1663 1355 1733 foribus
1376 1684 1677 1731 extremos
1704 1669 1941 1737 suorum

420 1747 595 1812 exclu
624 1767 743 1808 ere.
785 1752 924 1808 1-1aec
957 1767 1030 1808 eo
1063 1766 1217 1809 anno
1253 1746 1397 1812 asta.
1677 1791 1682 1798 -

499 1831 661 1890 XIV.
708 1829 782 1887 Et
817 1824 931 1904 jam
976 1824 1219 1902 comitia
1262 1827 1638 1893 tribunorum
1683 1827 1937 1890 militum

418 1905 659 1972 aderant
677 1952 694 1980 ,
721 1924 979 1988 quorum
1003 1925 1188 1988 prope
1210 1907 1399 1989 major
1423 1909 1695 1973 Patribus
1715 1954 1735 1983 ‚
1762 1909 1941 1993 quam

397 1985 563 2050 -beni
611 2007 750 2049 cura
793 2003 956 2062 erat3
1006 1986 1227 2071 quippe
1272 2009 1392 2051 non
1435 1986 1937 2056 communicatum

420 2064 608 2131 modo
648 2087 786 2128 cum
827 2064 1031 2149 plebe,
1060 2065 1158 2128 sed
1193 2089 1380 2152 prope
1414 2068 1677 2132 amissum
1701 2088 1942 2144 cernen-

415 2148 579 2211 tibus
635 2150 922 2225 summum
974 2142 1305 2231 imperium.
1360 2154 1573 2233 Itaque
1622 2148 1934 2211 clarissimis

414 2229 564 2293 viris
603 2248 676 2290 ex
711 2225 1036 2308 composito
1080 2227 1407 2311 praeparatis
1457 2228 1532 2291 ad
1575 2230 1939 2312 petendum,

416 2330 572 2394 quos
596 2306 981 2393 praetereundi
1003 2308 1419 2372 verecundiam
1440 2308 1755 2372 crederent
1769 2310 1930 2390 sore,

417 2387 803 2453 nihilominus
836 2384 972 2469 ips1‚
1022 2386 1263 2470 perinde
1310 2410 1377 2451 ac
1416 2388 1456 2450 fi
1495 2410 1704 2453 omnes
1749 2388 1939 2451 candi·

410 2467 541 2531 dati
580 2463 760 2528 effent
798 2512 818 2543 ‚
863 2466 1086 2530 cuneta·
1119 2469 1490 2552 experientes
1517 2515 1539 2547 ,
1586 2489 1712 2531 non
1754 2468 1939 2532 homi-

491 2642 512 2685 3
563 2621 827 2684 Maioribus
873 2624 1065 2690 castris]
1118 2630 1150 2674 E
1214 2625 1414 2677 buiffeut
1449 2628 1700 2696 quingenti.
1750 2627 1936 2695 Popula·

421 2690 692 2757 majoribus
718 2687 877 2739 castris
900 2708 912 2738 ι
936 2693 987 2738 ὃ(
1016 2688 1155 2739 forfi-
1213 2704 1331 2749 tores
1365 2706 1524 2741 autern
1564 2694 1623 2741 de
1661 2694 1833 2757 quibus
1863 2691 1937 2742 hie

422 2771 506 2823 tan
541 2754 712 2804 excidit
740 2753 1024 2818 praa-positio.
1211 2760 1398 2821 agitur,
1425 2757 1538 2804 -sunt
1564 2760 1797 2807 Romani.
1834 2764 1934 2806 sen·

485 2838 519 2880 4
545 2817 703 2869 Veluti
718 2819 836 2881 fort&
854 2818 999 2869 oblati
1016 2829 1153 2886 popu·
1214 2821 1287 2883 sus
1307 2837 1422 2885 ergo
1442 2820 1537 2869 est:
1560 2824 1819 2886 Quingenti
1842 2828 1937 2871 Ro·-

422 2883 626 2945 latores]
653 2883 914 2947 SuspeEtum
934 2882 997 2931 est
1013 2882 1154 2931 nobis
1212 2887 1346 2933 mani
1365 2920 1380 2944 ,
1415 2888 1499 2950 qui
1529 2885 1588 2934 ad
1616 2886 1935 2950 pabulandum

422 2951 472 2999 q}
500 2945 680 3004 veluti,
714 2950 843 3009 cujus
878 2950 1007 2996 vocis
1040 2946 1151 2995 nul·
1214 2950 1265 2999 iri
1287 2964 1459 3012 agrum
1482 2955 1773 3014 Capenatem
1798 2952 1936 2999 exces-

424 3012 498 3062 lus
535 3009 614 3058 hic
644 3011 793 3058 sensus
826 3010 904 3058 est.
947 3008 1155 3059 Forsitan
1216 3013 1400 3073 serant,
1428 3013 1642 3078 palantes
1666 3018 1769 3078 jam
1801 3015 1933 3063 Falis-

421 3077 650 3139 scriptum
683 3071 835 3120 fuerat
865 3076 960 3121 ‘Uti
978 3093 993 3120 .·
1022 3074 1152 3140 quod
1215 3088 1296 3141 eos
1321 3079 1667 3144 Capenatesque
1686 3113 1702 3136 ‚
1725 3077 1812 3128 reli
1846 3082 1936 3128 uias

423 3137 610 3185 librarii
653 3136 943 3198 interpretati
977 3136 1151 3187 fuerint
1211 3156 1379 3205 pugnae
1396 3177 1414 3204 ,
1445 3140 1570 3194 forte
1584 3142 1754 3202 ablati
1771 3176 1790 3206 ,
1847 3144 1934 3194 ele·

420 3197 573 3248 ueluti
598 3234 616 3262 ,
668 3213 817 3267 quum
866 3199 1018 3264 legere
1065 3203 1147 3255 de·
1208 3221 1338 3258 vete.
1617 3238 1628 3249 -

1419 3402 1458 3427 ,ξ
1513 3407 1640 3475 ...v-55

1607 3514 1634 3536 l
